%YAML 1.1
%TAG !u! tag:unity3d.com,2011:
--- !u!1 &102630
GameObject:
  m_ObjectHideFlags: 1
  m_PrefabParentObject: {fileID: 0}
  m_PrefabInternal: {fileID: 100100000}
  serializedVersion: 4
  m_Component:
  - 4: {fileID: 454466}
  m_Layer: 9
  m_Name: NeivaRArm_Palm
  m_TagString: Untagged
  m_Icon: {fileID: 0}
  m_NavMeshLayer: 0
  m_StaticEditorFlags: 0
  m_IsActive: 1
--- !u!1 &103888
GameObject:
  m_ObjectHideFlags: 1
  m_PrefabParentObject: {fileID: 0}
  m_PrefabInternal: {fileID: 100100000}
  serializedVersion: 4
  m_Component:
  - 4: {fileID: 480460}
  m_Layer: 9
  m_Name: NeivaREar
  m_TagString: Untagged
  m_Icon: {fileID: 0}
  m_NavMeshLayer: 0
  m_StaticEditorFlags: 0
  m_IsActive: 1
--- !u!1 &106506
GameObject:
  m_ObjectHideFlags: 1
  m_PrefabParentObject: {fileID: 0}
  m_PrefabInternal: {fileID: 100100000}
  serializedVersion: 4
  m_Component:
  - 4: {fileID: 472214}
  m_Layer: 9
  m_Name: NeivaRArm_RThumb_1
  m_TagString: Untagged
  m_Icon: {fileID: 0}
  m_NavMeshLayer: 0
  m_StaticEditorFlags: 0
  m_IsActive: 1
--- !u!1 &106954
GameObject:
  m_ObjectHideFlags: 1
  m_PrefabParentObject: {fileID: 0}
  m_PrefabInternal: {fileID: 100100000}
  serializedVersion: 4
  m_Component:
  - 4: {fileID: 496212}
  m_Layer: 9
  m_Name: NeivaNeck_3
  m_TagString: Untagged
  m_Icon: {fileID: 0}
  m_NavMeshLayer: 0
  m_StaticEditorFlags: 0
  m_IsActive: 1
--- !u!1 &107182
GameObject:
  m_ObjectHideFlags: 1
  m_PrefabParentObject: {fileID: 0}
  m_PrefabInternal: {fileID: 100100000}
  serializedVersion: 4
  m_Component:
  - 4: {fileID: 435574}
  m_Layer: 9
  m_Name: NeivaLArm_1
  m_TagString: Untagged
  m_Icon: {fileID: 0}
  m_NavMeshLayer: 0
  m_StaticEditorFlags: 0
  m_IsActive: 1
--- !u!1 &107760
GameObject:
  m_ObjectHideFlags: 1
  m_PrefabParentObject: {fileID: 0}
  m_PrefabInternal: {fileID: 100100000}
  serializedVersion: 4
  m_Component:
  - 4: {fileID: 439594}
  m_Layer: 9
  m_Name: NeivaSpine4
  m_TagString: Untagged
  m_Icon: {fileID: 0}
  m_NavMeshLayer: 0
  m_StaticEditorFlags: 0
  m_IsActive: 1
--- !u!1 &110006
GameObject:
  m_ObjectHideFlags: 1
  m_PrefabParentObject: {fileID: 0}
  m_PrefabInternal: {fileID: 100100000}
  serializedVersion: 4
  m_Component:
  - 4: {fileID: 474414}
  m_Layer: 9
  m_Name: NeivaRArm_1
  m_TagString: Untagged
  m_Icon: {fileID: 0}
  m_NavMeshLayer: 0
  m_StaticEditorFlags: 0
  m_IsActive: 1
--- !u!1 &114800
GameObject:
  m_ObjectHideFlags: 1
  m_PrefabParentObject: {fileID: 0}
  m_PrefabInternal: {fileID: 100100000}
  serializedVersion: 4
  m_Component:
  - 4: {fileID: 412028}
  m_Layer: 9
  m_Name: NeivaRArm_RPinky_1
  m_TagString: Untagged
  m_Icon: {fileID: 0}
  m_NavMeshLayer: 0
  m_StaticEditorFlags: 0
  m_IsActive: 1
--- !u!1 &115994
GameObject:
  m_ObjectHideFlags: 1
  m_PrefabParentObject: {fileID: 0}
  m_PrefabInternal: {fileID: 100100000}
  serializedVersion: 4
  m_Component:
  - 4: {fileID: 415284}
  m_Layer: 9
  m_Name: NeivaRSkirt_1
  m_TagString: Untagged
  m_Icon: {fileID: 0}
  m_NavMeshLayer: 0
  m_StaticEditorFlags: 0
  m_IsActive: 1
--- !u!1 &116046
GameObject:
  m_ObjectHideFlags: 1
  m_PrefabParentObject: {fileID: 0}
  m_PrefabInternal: {fileID: 100100000}
  serializedVersion: 4
  m_Component:
  - 4: {fileID: 481842}
  m_Layer: 9
  m_Name: NeivaBackTabard_1
  m_TagString: Untagged
  m_Icon: {fileID: 0}
  m_NavMeshLayer: 0
  m_StaticEditorFlags: 0
  m_IsActive: 1
--- !u!1 &116154
GameObject:
  m_ObjectHideFlags: 1
  m_PrefabParentObject: {fileID: 0}
  m_PrefabInternal: {fileID: 100100000}
  serializedVersion: 4
  m_Component:
  - 4: {fileID: 433768}
  m_Layer: 9
  m_Name: NeivaNeck_1
  m_TagString: Untagged
  m_Icon: {fileID: 0}
  m_NavMeshLayer: 0
  m_StaticEditorFlags: 0
  m_IsActive: 1
--- !u!1 &116708
GameObject:
  m_ObjectHideFlags: 1
  m_PrefabParentObject: {fileID: 0}
  m_PrefabInternal: {fileID: 100100000}
  serializedVersion: 4
  m_Component:
  - 4: {fileID: 478820}
  m_Layer: 9
  m_Name: NeivaBackSkirt_
  m_TagString: Untagged
  m_Icon: {fileID: 0}
  m_NavMeshLayer: 0
  m_StaticEditorFlags: 0
  m_IsActive: 1
--- !u!1 &118816
GameObject:
  m_ObjectHideFlags: 1
  m_PrefabParentObject: {fileID: 0}
  m_PrefabInternal: {fileID: 100100000}
  serializedVersion: 4
  m_Component:
  - 4: {fileID: 478952}
  m_Layer: 9
  m_Name: NeivaRArm_2
  m_TagString: Untagged
  m_Icon: {fileID: 0}
  m_NavMeshLayer: 0
  m_StaticEditorFlags: 0
  m_IsActive: 1
--- !u!1 &119104
GameObject:
  m_ObjectHideFlags: 1
  m_PrefabParentObject: {fileID: 0}
  m_PrefabInternal: {fileID: 100100000}
  serializedVersion: 4
  m_Component:
  - 4: {fileID: 423158}
  m_Layer: 9
  m_Name: NeivaRopeBack
  m_TagString: Untagged
  m_Icon: {fileID: 0}
  m_NavMeshLayer: 0
  m_StaticEditorFlags: 0
  m_IsActive: 1
--- !u!1 &119244
GameObject:
  m_ObjectHideFlags: 1
  m_PrefabParentObject: {fileID: 0}
  m_PrefabInternal: {fileID: 100100000}
  serializedVersion: 4
  m_Component:
  - 4: {fileID: 429684}
  m_Layer: 9
  m_Name: NeivaLEar
  m_TagString: Untagged
  m_Icon: {fileID: 0}
  m_NavMeshLayer: 0
  m_StaticEditorFlags: 0
  m_IsActive: 1
--- !u!1 &119912
GameObject:
  m_ObjectHideFlags: 1
  m_PrefabParentObject: {fileID: 0}
  m_PrefabInternal: {fileID: 100100000}
  serializedVersion: 4
  m_Component:
  - 4: {fileID: 420206}
  m_Layer: 9
  m_Name: NeivaRArm_RMiddle_1
  m_TagString: Untagged
  m_Icon: {fileID: 0}
  m_NavMeshLayer: 0
  m_StaticEditorFlags: 0
  m_IsActive: 1
--- !u!1 &120672
GameObject:
  m_ObjectHideFlags: 1
  m_PrefabParentObject: {fileID: 0}
  m_PrefabInternal: {fileID: 100100000}
  serializedVersion: 4
  m_Component:
  - 4: {fileID: 462632}
  m_Layer: 9
  m_Name: NeivaRLeg_1
  m_TagString: Untagged
  m_Icon: {fileID: 0}
  m_NavMeshLayer: 0
  m_StaticEditorFlags: 0
  m_IsActive: 1
--- !u!1 &122174
GameObject:
  m_ObjectHideFlags: 1
  m_PrefabParentObject: {fileID: 0}
  m_PrefabInternal: {fileID: 100100000}
  serializedVersion: 4
  m_Component:
  - 4: {fileID: 468578}
  m_Layer: 9
  m_Name: NeivaLArm_LPinky_1
  m_TagString: Untagged
  m_Icon: {fileID: 0}
  m_NavMeshLayer: 0
  m_StaticEditorFlags: 0
  m_IsActive: 1
--- !u!1 &126746
GameObject:
  m_ObjectHideFlags: 0
  m_PrefabParentObject: {fileID: 0}
  m_PrefabInternal: {fileID: 100100000}
  serializedVersion: 4
  m_Component:
  - 4: {fileID: 419210}
  - 33: {fileID: 3382974}
  - 23: {fileID: 2383158}
  - 135: {fileID: 13597850}
  - 54: {fileID: 5442452}
  - 114: {fileID: 11430720}
  m_Layer: 10
  m_Name: SwappySoul
  m_TagString: Projectile
  m_Icon: {fileID: 0}
  m_NavMeshLayer: 0
  m_StaticEditorFlags: 0
  m_IsActive: 1
--- !u!1 &129128
GameObject:
  m_ObjectHideFlags: 1
  m_PrefabParentObject: {fileID: 0}
  m_PrefabInternal: {fileID: 100100000}
  serializedVersion: 4
  m_Component:
  - 4: {fileID: 432920}
  m_Layer: 9
  m_Name: NeivaLArm_LIndex_2
  m_TagString: Untagged
  m_Icon: {fileID: 0}
  m_NavMeshLayer: 0
  m_StaticEditorFlags: 0
  m_IsActive: 1
--- !u!1 &129520
GameObject:
  m_ObjectHideFlags: 1
  m_PrefabParentObject: {fileID: 0}
  m_PrefabInternal: {fileID: 100100000}
  serializedVersion: 4
  m_Component:
  - 4: {fileID: 453004}
  m_Layer: 9
  m_Name: NeivaLArm_2
  m_TagString: Untagged
  m_Icon: {fileID: 0}
  m_NavMeshLayer: 0
  m_StaticEditorFlags: 0
  m_IsActive: 1
--- !u!1 &133306
GameObject:
  m_ObjectHideFlags: 1
  m_PrefabParentObject: {fileID: 0}
  m_PrefabInternal: {fileID: 100100000}
  serializedVersion: 4
  m_Component:
  - 4: {fileID: 496866}
  m_Layer: 9
  m_Name: NeivaLArm_LPinky_2
  m_TagString: Untagged
  m_Icon: {fileID: 0}
  m_NavMeshLayer: 0
  m_StaticEditorFlags: 0
  m_IsActive: 1
--- !u!1 &136452
GameObject:
  m_ObjectHideFlags: 1
  m_PrefabParentObject: {fileID: 0}
  m_PrefabInternal: {fileID: 100100000}
  serializedVersion: 4
  m_Component:
  - 4: {fileID: 491802}
  m_Layer: 9
  m_Name: NeivaLLeg_2
  m_TagString: Untagged
  m_Icon: {fileID: 0}
  m_NavMeshLayer: 0
  m_StaticEditorFlags: 0
  m_IsActive: 1
--- !u!1 &136552
GameObject:
  m_ObjectHideFlags: 1
  m_PrefabParentObject: {fileID: 0}
  m_PrefabInternal: {fileID: 100100000}
  serializedVersion: 4
  m_Component:
  - 4: {fileID: 495652}
  m_Layer: 9
  m_Name: NeivaLArm_LIndex_1
  m_TagString: Untagged
  m_Icon: {fileID: 0}
  m_NavMeshLayer: 0
  m_StaticEditorFlags: 0
  m_IsActive: 1
--- !u!1 &137502
GameObject:
  m_ObjectHideFlags: 1
  m_PrefabParentObject: {fileID: 0}
  m_PrefabInternal: {fileID: 100100000}
  serializedVersion: 4
  m_Component:
  - 4: {fileID: 412632}
  m_Layer: 9
  m_Name: NeivaLArm_Palm
  m_TagString: Untagged
  m_Icon: {fileID: 0}
  m_NavMeshLayer: 0
  m_StaticEditorFlags: 0
  m_IsActive: 1
--- !u!1 &137826
GameObject:
  m_ObjectHideFlags: 1
  m_PrefabParentObject: {fileID: 0}
  m_PrefabInternal: {fileID: 100100000}
  serializedVersion: 4
  m_Component:
  - 4: {fileID: 418698}
  m_Layer: 9
  m_Name: NeivaRArm_RIndex_1
  m_TagString: Untagged
  m_Icon: {fileID: 0}
  m_NavMeshLayer: 0
  m_StaticEditorFlags: 0
  m_IsActive: 1
--- !u!1 &138156
GameObject:
  m_ObjectHideFlags: 1
  m_PrefabParentObject: {fileID: 0}
  m_PrefabInternal: {fileID: 100100000}
  serializedVersion: 4
  m_Component:
  - 4: {fileID: 405776}
  m_Layer: 9
  m_Name: NeivaRArm_RPinky_2
  m_TagString: Untagged
  m_Icon: {fileID: 0}
  m_NavMeshLayer: 0
  m_StaticEditorFlags: 0
  m_IsActive: 1
--- !u!1 &140222
GameObject:
  m_ObjectHideFlags: 0
  m_PrefabParentObject: {fileID: 0}
  m_PrefabInternal: {fileID: 100100000}
  serializedVersion: 4
  m_Component:
  - 4: {fileID: 466930}
  m_Layer: 0
  m_Name: PREF_Player 1.3
  m_TagString: Untagged
  m_Icon: {fileID: 0}
  m_NavMeshLayer: 0
  m_StaticEditorFlags: 0
  m_IsActive: 0
--- !u!1 &142408
GameObject:
  m_ObjectHideFlags: 1
  m_PrefabParentObject: {fileID: 0}
  m_PrefabInternal: {fileID: 100100000}
  serializedVersion: 4
  m_Component:
  - 4: {fileID: 452340}
  m_Layer: 9
  m_Name: NeivaLArm_LThumb_2
  m_TagString: Untagged
  m_Icon: {fileID: 0}
  m_NavMeshLayer: 0
  m_StaticEditorFlags: 0
  m_IsActive: 1
--- !u!1 &145354
GameObject:
  m_ObjectHideFlags: 1
  m_PrefabParentObject: {fileID: 0}
  m_PrefabInternal: {fileID: 100100000}
  serializedVersion: 4
  m_Component:
  - 4: {fileID: 497382}
  m_Layer: 9
  m_Name: NeivaLLeg_LToeMiddle1
  m_TagString: Untagged
  m_Icon: {fileID: 0}
  m_NavMeshLayer: 0
  m_StaticEditorFlags: 0
  m_IsActive: 1
--- !u!1 &147086
GameObject:
  m_ObjectHideFlags: 1
  m_PrefabParentObject: {fileID: 0}
  m_PrefabInternal: {fileID: 100100000}
  serializedVersion: 4
  m_Component:
  - 4: {fileID: 496520}
  m_Layer: 9
  m_Name: NeivaBackTabard_2
  m_TagString: Untagged
  m_Icon: {fileID: 0}
  m_NavMeshLayer: 0
  m_StaticEditorFlags: 0
  m_IsActive: 1
--- !u!1 &148792
GameObject:
  m_ObjectHideFlags: 1
  m_PrefabParentObject: {fileID: 0}
  m_PrefabInternal: {fileID: 100100000}
  serializedVersion: 4
  m_Component:
  - 4: {fileID: 463702}
  m_Layer: 9
  m_Name: NeivaSpine3
  m_TagString: Untagged
  m_Icon: {fileID: 0}
  m_NavMeshLayer: 0
  m_StaticEditorFlags: 0
  m_IsActive: 1
--- !u!1 &151138
GameObject:
  m_ObjectHideFlags: 1
  m_PrefabParentObject: {fileID: 0}
  m_PrefabInternal: {fileID: 100100000}
  serializedVersion: 4
  m_Component:
  - 4: {fileID: 465074}
  m_Layer: 9
  m_Name: NeivaLLeg_LToeBig1
  m_TagString: Untagged
  m_Icon: {fileID: 0}
  m_NavMeshLayer: 0
  m_StaticEditorFlags: 0
  m_IsActive: 1
--- !u!1 &151832
GameObject:
  m_ObjectHideFlags: 1
  m_PrefabParentObject: {fileID: 0}
  m_PrefabInternal: {fileID: 100100000}
  serializedVersion: 4
  m_Component:
  - 4: {fileID: 484912}
  m_Layer: 9
  m_Name: NeivaSpine1
  m_TagString: Untagged
  m_Icon: {fileID: 0}
  m_NavMeshLayer: 0
  m_StaticEditorFlags: 0
  m_IsActive: 1
--- !u!1 &154580
GameObject:
  m_ObjectHideFlags: 1
  m_PrefabParentObject: {fileID: 0}
  m_PrefabInternal: {fileID: 100100000}
  serializedVersion: 4
  m_Component:
  - 4: {fileID: 440632}
  m_Layer: 9
  m_Name: NeivaPelvis_
  m_TagString: Untagged
  m_Icon: {fileID: 0}
  m_NavMeshLayer: 0
  m_StaticEditorFlags: 0
  m_IsActive: 1
--- !u!1 &155080
GameObject:
  m_ObjectHideFlags: 1
  m_PrefabParentObject: {fileID: 0}
  m_PrefabInternal: {fileID: 100100000}
  serializedVersion: 4
  m_Component:
  - 4: {fileID: 484636}
  m_Layer: 9
  m_Name: NeivaLBackTabard_1
  m_TagString: Untagged
  m_Icon: {fileID: 0}
  m_NavMeshLayer: 0
  m_StaticEditorFlags: 0
  m_IsActive: 1
--- !u!1 &155776
GameObject:
  m_ObjectHideFlags: 0
  m_PrefabParentObject: {fileID: 0}
  m_PrefabInternal: {fileID: 100100000}
  serializedVersion: 4
  m_Component:
  - 4: {fileID: 438802}
  - 33: {fileID: 3370248}
  - 23: {fileID: 2378732}
  - 135: {fileID: 13542838}
  - 54: {fileID: 5497902}
  - 114: {fileID: 11494130}
  m_Layer: 10
  m_Name: BouncySoul
  m_TagString: Projectile
  m_Icon: {fileID: 0}
  m_NavMeshLayer: 0
  m_StaticEditorFlags: 0
  m_IsActive: 1
--- !u!1 &160710
GameObject:
  m_ObjectHideFlags: 1
  m_PrefabParentObject: {fileID: 0}
  m_PrefabInternal: {fileID: 100100000}
  serializedVersion: 4
  m_Component:
  - 4: {fileID: 447138}
  m_Layer: 9
  m_Name: NeivaRBackTabard_2
  m_TagString: Untagged
  m_Icon: {fileID: 0}
  m_NavMeshLayer: 0
  m_StaticEditorFlags: 0
  m_IsActive: 1
--- !u!1 &160822
GameObject:
  m_ObjectHideFlags: 1
  m_PrefabParentObject: {fileID: 0}
  m_PrefabInternal: {fileID: 100100000}
  serializedVersion: 4
  m_Component:
  - 4: {fileID: 414000}
  m_Layer: 9
  m_Name: NeivaRLeg_RToeMiddle1
  m_TagString: Untagged
  m_Icon: {fileID: 0}
  m_NavMeshLayer: 0
  m_StaticEditorFlags: 0
  m_IsActive: 1
--- !u!1 &161074
GameObject:
  m_ObjectHideFlags: 1
  m_PrefabParentObject: {fileID: 0}
  m_PrefabInternal: {fileID: 100100000}
  serializedVersion: 4
  m_Component:
  - 4: {fileID: 496196}
  m_Layer: 9
  m_Name: NeivaLArm_LMiddle_1
  m_TagString: Untagged
  m_Icon: {fileID: 0}
  m_NavMeshLayer: 0
  m_StaticEditorFlags: 0
  m_IsActive: 1
--- !u!1 &161412
GameObject:
  m_ObjectHideFlags: 1
  m_PrefabParentObject: {fileID: 0}
  m_PrefabInternal: {fileID: 100100000}
  serializedVersion: 4
  m_Component:
  - 4: {fileID: 423422}
  m_Layer: 9
  m_Name: NeivaRArm_RMiddle_2
  m_TagString: Untagged
  m_Icon: {fileID: 0}
  m_NavMeshLayer: 0
  m_StaticEditorFlags: 0
  m_IsActive: 1
--- !u!1 &161774
GameObject:
  m_ObjectHideFlags: 1
  m_PrefabParentObject: {fileID: 0}
  m_PrefabInternal: {fileID: 100100000}
  serializedVersion: 4
  m_Component:
  - 4: {fileID: 418696}
  m_Layer: 9
  m_Name: NeivaLLeg_LToeSmall1
  m_TagString: Untagged
  m_Icon: {fileID: 0}
  m_NavMeshLayer: 0
  m_StaticEditorFlags: 0
  m_IsActive: 1
--- !u!1 &163192
GameObject:
  m_ObjectHideFlags: 1
  m_PrefabParentObject: {fileID: 0}
  m_PrefabInternal: {fileID: 100100000}
  serializedVersion: 4
  m_Component:
  - 4: {fileID: 466206}
  m_Layer: 9
  m_Name: NeivaLArm_LMiddle_2
  m_TagString: Untagged
  m_Icon: {fileID: 0}
  m_NavMeshLayer: 0
  m_StaticEditorFlags: 0
  m_IsActive: 1
--- !u!1 &164060
GameObject:
  m_ObjectHideFlags: 0
  m_PrefabParentObject: {fileID: 0}
  m_PrefabInternal: {fileID: 100100000}
  serializedVersion: 4
  m_Component:
  - 4: {fileID: 442740}
  - 33: {fileID: 3330838}
  - 23: {fileID: 2312548}
  - 135: {fileID: 13577236}
  - 54: {fileID: 5439052}
  - 114: {fileID: 11468242}
  m_Layer: 10
  m_Name: StickySoul
  m_TagString: Projectile
  m_Icon: {fileID: 0}
  m_NavMeshLayer: 0
  m_StaticEditorFlags: 0
  m_IsActive: 1
--- !u!1 &165374
GameObject:
  m_ObjectHideFlags: 1
  m_PrefabParentObject: {fileID: 0}
  m_PrefabInternal: {fileID: 100100000}
  serializedVersion: 4
  m_Component:
  - 4: {fileID: 415414}
  m_Layer: 9
  m_Name: NeivaFrontTabard_2
  m_TagString: Untagged
  m_Icon: {fileID: 0}
  m_NavMeshLayer: 0
  m_StaticEditorFlags: 0
  m_IsActive: 1
--- !u!1 &167948
GameObject:
  m_ObjectHideFlags: 1
  m_PrefabParentObject: {fileID: 0}
  m_PrefabInternal: {fileID: 100100000}
  serializedVersion: 4
  m_Component:
  - 4: {fileID: 486396}
  m_Layer: 9
  m_Name: NeivaNeck_2
  m_TagString: Untagged
  m_Icon: {fileID: 0}
  m_NavMeshLayer: 0
  m_StaticEditorFlags: 0
  m_IsActive: 1
--- !u!1 &173048
GameObject:
  m_ObjectHideFlags: 1
  m_PrefabParentObject: {fileID: 0}
  m_PrefabInternal: {fileID: 100100000}
  serializedVersion: 4
  m_Component:
  - 4: {fileID: 470172}
  m_Layer: 9
  m_Name: NeivaLLeg_Ankle_
  m_TagString: Untagged
  m_Icon: {fileID: 0}
  m_NavMeshLayer: 0
  m_StaticEditorFlags: 0
  m_IsActive: 1
--- !u!1 &174556
GameObject:
  m_ObjectHideFlags: 1
  m_PrefabParentObject: {fileID: 0}
  m_PrefabInternal: {fileID: 100100000}
  serializedVersion: 4
  m_Component:
  - 4: {fileID: 491992}
  m_Layer: 9
  m_Name: NeivaRArm_RIndex_2
  m_TagString: Untagged
  m_Icon: {fileID: 0}
  m_NavMeshLayer: 0
  m_StaticEditorFlags: 0
  m_IsActive: 1
--- !u!1 &175236
GameObject:
  m_ObjectHideFlags: 1
  m_PrefabParentObject: {fileID: 0}
  m_PrefabInternal: {fileID: 100100000}
  serializedVersion: 4
  m_Component:
  - 4: {fileID: 425486}
  m_Layer: 9
  m_Name: NeivaSpine2
  m_TagString: Untagged
  m_Icon: {fileID: 0}
  m_NavMeshLayer: 0
  m_StaticEditorFlags: 0
  m_IsActive: 1
--- !u!1 &175500
GameObject:
  m_ObjectHideFlags: 1
  m_PrefabParentObject: {fileID: 0}
  m_PrefabInternal: {fileID: 100100000}
  serializedVersion: 4
  m_Component:
  - 4: {fileID: 477950}
  m_Layer: 9
  m_Name: NeivaHead
  m_TagString: Untagged
  m_Icon: {fileID: 0}
  m_NavMeshLayer: 0
  m_StaticEditorFlags: 0
  m_IsActive: 1
--- !u!1 &176118
GameObject:
  m_ObjectHideFlags: 1
  m_PrefabParentObject: {fileID: 0}
  m_PrefabInternal: {fileID: 100100000}
  serializedVersion: 4
  m_Component:
  - 4: {fileID: 477014}
  m_Layer: 9
  m_Name: NeivaLArm_LThumb_1
  m_TagString: Untagged
  m_Icon: {fileID: 0}
  m_NavMeshLayer: 0
  m_StaticEditorFlags: 0
  m_IsActive: 1
--- !u!1 &177054
GameObject:
  m_ObjectHideFlags: 1
  m_PrefabParentObject: {fileID: 0}
  m_PrefabInternal: {fileID: 100100000}
  serializedVersion: 4
  m_Component:
  - 4: {fileID: 441394}
  m_Layer: 9
  m_Name: NeivaLArm_Collarbone
  m_TagString: Untagged
  m_Icon: {fileID: 0}
  m_NavMeshLayer: 0
  m_StaticEditorFlags: 0
  m_IsActive: 1
--- !u!1 &177766
GameObject:
  m_ObjectHideFlags: 1
  m_PrefabParentObject: {fileID: 0}
  m_PrefabInternal: {fileID: 100100000}
  serializedVersion: 4
  m_Component:
  - 4: {fileID: 482206}
  - 137: {fileID: 13791892}
  m_Layer: 9
  m_Name: Neiva_Mesh
  m_TagString: Untagged
  m_Icon: {fileID: 0}
  m_NavMeshLayer: 0
  m_StaticEditorFlags: 0
  m_IsActive: 1
--- !u!1 &180708
GameObject:
  m_ObjectHideFlags: 1
  m_PrefabParentObject: {fileID: 0}
  m_PrefabInternal: {fileID: 100100000}
  serializedVersion: 4
  m_Component:
  - 4: {fileID: 473262}
  m_Layer: 9
  m_Name: NeivaLLeg_1
  m_TagString: Untagged
  m_Icon: {fileID: 0}
  m_NavMeshLayer: 0
  m_StaticEditorFlags: 0
  m_IsActive: 1
--- !u!1 &181276
GameObject:
  m_ObjectHideFlags: 1
  m_PrefabParentObject: {fileID: 0}
  m_PrefabInternal: {fileID: 100100000}
  serializedVersion: 4
  m_Component:
  - 4: {fileID: 468662}
  m_Layer: 9
  m_Name: NeivaFrontTabard_1
  m_TagString: Untagged
  m_Icon: {fileID: 0}
  m_NavMeshLayer: 0
  m_StaticEditorFlags: 0
  m_IsActive: 1
--- !u!1 &183148
GameObject:
  m_ObjectHideFlags: 1
  m_PrefabParentObject: {fileID: 0}
  m_PrefabInternal: {fileID: 100100000}
  serializedVersion: 4
  m_Component:
  - 4: {fileID: 437338}
  m_Layer: 9
  m_Name: NeivaRLeg_2
  m_TagString: Untagged
  m_Icon: {fileID: 0}
  m_NavMeshLayer: 0
  m_StaticEditorFlags: 0
  m_IsActive: 1
--- !u!1 &183160
GameObject:
  m_ObjectHideFlags: 1
  m_PrefabParentObject: {fileID: 0}
  m_PrefabInternal: {fileID: 100100000}
  serializedVersion: 4
  m_Component:
  - 4: {fileID: 419184}
  m_Layer: 9
  m_Name: NeivaFrontPearl
  m_TagString: Untagged
  m_Icon: {fileID: 0}
  m_NavMeshLayer: 0
  m_StaticEditorFlags: 0
  m_IsActive: 1
--- !u!1 &184556
GameObject:
  m_ObjectHideFlags: 0
  m_PrefabParentObject: {fileID: 0}
  m_PrefabInternal: {fileID: 100100000}
  serializedVersion: 4
  m_Component:
  - 4: {fileID: 463640}
  - 136: {fileID: 13631684}
  - 54: {fileID: 5426330}
  - 95: {fileID: 9538144}
  - 82: {fileID: 8290150}
  - 114: {fileID: 11461212}
  - 114: {fileID: 11422514}
  - 114: {fileID: 11457794}
  - 114: {fileID: 11460134}
  - 114: {fileID: 11496886}
  - 114: {fileID: 11452424}
  - 114: {fileID: 11474040}
  - 114: {fileID: 11469252}
  - 114: {fileID: 11407380}
  - 114: {fileID: 11479662}
  - 114: {fileID: 11411108}
  - 136: {fileID: 13679802}
  - 114: {fileID: 11402594}
  - 114: {fileID: 11469766}
  m_Layer: 9
  m_Name: Neiva
  m_TagString: Player
  m_Icon: {fileID: 0}
  m_NavMeshLayer: 0
  m_StaticEditorFlags: 0
  m_IsActive: 1
--- !u!1 &184736
GameObject:
  m_ObjectHideFlags: 1
  m_PrefabParentObject: {fileID: 0}
  m_PrefabInternal: {fileID: 100100000}
  serializedVersion: 4
  m_Component:
  - 4: {fileID: 482984}
  m_Layer: 9
  m_Name: NeivaRBackTabard_1
  m_TagString: Untagged
  m_Icon: {fileID: 0}
  m_NavMeshLayer: 0
  m_StaticEditorFlags: 0
  m_IsActive: 1
--- !u!1 &185810
GameObject:
  m_ObjectHideFlags: 1
  m_PrefabParentObject: {fileID: 0}
  m_PrefabInternal: {fileID: 100100000}
  serializedVersion: 4
  m_Component:
  - 4: {fileID: 490080}
  m_Layer: 9
  m_Name: NeivaRLeg_RToeBig1
  m_TagString: Untagged
  m_Icon: {fileID: 0}
  m_NavMeshLayer: 0
  m_StaticEditorFlags: 0
  m_IsActive: 1
--- !u!1 &187100
GameObject:
  m_ObjectHideFlags: 1
  m_PrefabParentObject: {fileID: 0}
  m_PrefabInternal: {fileID: 100100000}
  serializedVersion: 4
  m_Component:
  - 4: {fileID: 476790}
  m_Layer: 9
  m_Name: NeivaPearlBack
  m_TagString: Untagged
  m_Icon: {fileID: 0}
  m_NavMeshLayer: 0
  m_StaticEditorFlags: 0
  m_IsActive: 1
--- !u!1 &189834
GameObject:
  m_ObjectHideFlags: 1
  m_PrefabParentObject: {fileID: 0}
  m_PrefabInternal: {fileID: 100100000}
  serializedVersion: 4
  m_Component:
  - 4: {fileID: 436472}
  m_Layer: 9
  m_Name: NeivaRLeg_RToeSmall1
  m_TagString: Untagged
  m_Icon: {fileID: 0}
  m_NavMeshLayer: 0
  m_StaticEditorFlags: 0
  m_IsActive: 1
--- !u!1 &190964
GameObject:
  m_ObjectHideFlags: 1
  m_PrefabParentObject: {fileID: 0}
  m_PrefabInternal: {fileID: 100100000}
  serializedVersion: 4
  m_Component:
  - 4: {fileID: 495718}
  m_Layer: 9
  m_Name: NeivaRArm_Collarbone
  m_TagString: Untagged
  m_Icon: {fileID: 0}
  m_NavMeshLayer: 0
  m_StaticEditorFlags: 0
  m_IsActive: 1
--- !u!1 &191324
GameObject:
  m_ObjectHideFlags: 1
  m_PrefabParentObject: {fileID: 0}
  m_PrefabInternal: {fileID: 100100000}
  serializedVersion: 4
  m_Component:
  - 4: {fileID: 492562}
  m_Layer: 9
  m_Name: NeivaChest_
  m_TagString: Untagged
  m_Icon: {fileID: 0}
  m_NavMeshLayer: 0
  m_StaticEditorFlags: 0
  m_IsActive: 1
--- !u!1 &192208
GameObject:
  m_ObjectHideFlags: 1
  m_PrefabParentObject: {fileID: 0}
  m_PrefabInternal: {fileID: 100100000}
  serializedVersion: 4
  m_Component:
  - 4: {fileID: 473472}
  m_Layer: 9
  m_Name: NeivaLSkirt_1
  m_TagString: Untagged
  m_Icon: {fileID: 0}
  m_NavMeshLayer: 0
  m_StaticEditorFlags: 0
  m_IsActive: 1
--- !u!1 &192286
GameObject:
  m_ObjectHideFlags: 1
  m_PrefabParentObject: {fileID: 0}
  m_PrefabInternal: {fileID: 100100000}
  serializedVersion: 4
  m_Component:
  - 4: {fileID: 447274}
  m_Layer: 9
  m_Name: NeivaRLeg_Ankle_
  m_TagString: Untagged
  m_Icon: {fileID: 0}
  m_NavMeshLayer: 0
  m_StaticEditorFlags: 0
  m_IsActive: 1
--- !u!1 &194580
GameObject:
  m_ObjectHideFlags: 1
  m_PrefabParentObject: {fileID: 0}
  m_PrefabInternal: {fileID: 100100000}
  serializedVersion: 4
  m_Component:
  - 4: {fileID: 405514}
  m_Layer: 9
  m_Name: NeivaRArm_RThumb_2
  m_TagString: Untagged
  m_Icon: {fileID: 0}
  m_NavMeshLayer: 0
  m_StaticEditorFlags: 0
  m_IsActive: 1
--- !u!4 &405514
Transform:
  m_ObjectHideFlags: 1
  m_PrefabParentObject: {fileID: 0}
  m_PrefabInternal: {fileID: 100100000}
  m_GameObject: {fileID: 194580}
  m_LocalRotation: {x: 0.000018716417, y: 0.12119527, z: -0.00016408254, w: 0.9926287}
  m_LocalPosition: {x: -0.11478828, y: 0, z: 0.000000038146972}
  m_LocalScale: {x: 1.0000001, y: 0.99999976, z: 1}
  m_Children: []
  m_Father: {fileID: 472214}
  m_RootOrder: 0
--- !u!4 &405776
Transform:
  m_ObjectHideFlags: 1
  m_PrefabParentObject: {fileID: 0}
  m_PrefabInternal: {fileID: 100100000}
  m_GameObject: {fileID: 138156}
  m_LocalRotation: {x: 0.00000008940698, y: -9.313363e-10, z: -0.00000015273692, w: 1}
  m_LocalPosition: {x: -0.06378113, y: 0.000000076293944, z: 0}
  m_LocalScale: {x: 0.99999994, y: 0.9999998, z: 1}
  m_Children: []
  m_Father: {fileID: 412028}
  m_RootOrder: 0
--- !u!4 &412028
Transform:
  m_ObjectHideFlags: 1
  m_PrefabParentObject: {fileID: 0}
  m_PrefabInternal: {fileID: 100100000}
  m_GameObject: {fileID: 114800}
  m_LocalRotation: {x: 0.00000006880979, y: 0.09934318, z: -0.00000008923359, w: 0.99505323}
  m_LocalPosition: {x: -0.080570124, y: 0.006057205, z: 0.050744314}
  m_LocalScale: {x: 1, y: 0.9999999, z: 1}
  m_Children:
  - {fileID: 405776}
  m_Father: {fileID: 454466}
  m_RootOrder: 2
--- !u!4 &412632
Transform:
  m_ObjectHideFlags: 1
  m_PrefabParentObject: {fileID: 0}
  m_PrefabInternal: {fileID: 100100000}
  m_GameObject: {fileID: 137502}
  m_LocalRotation: {x: -0.66094303, y: -0.0019035884, z: -0.0035794491, w: 0.7504251}
  m_LocalPosition: {x: -0.17714651, y: 0, z: 0}
  m_LocalScale: {x: 1, y: 0.9999999, z: 1}
  m_Children:
  - {fileID: 495652}
  - {fileID: 496196}
  - {fileID: 468578}
  - {fileID: 477014}
  m_Father: {fileID: 453004}
  m_RootOrder: 0
--- !u!4 &414000
Transform:
  m_ObjectHideFlags: 1
  m_PrefabParentObject: {fileID: 0}
  m_PrefabInternal: {fileID: 100100000}
  m_GameObject: {fileID: 160822}
  m_LocalRotation: {x: 0.006855998, y: 0.033251293, z: -0.2313542, w: 0.97227705}
  m_LocalPosition: {x: -0.09412119, y: 0.0054604243, z: 0.021532163}
  m_LocalScale: {x: 0.9999999, y: 0.9999999, z: 0.9999998}
  m_Children: []
  m_Father: {fileID: 447274}
  m_RootOrder: 1
--- !u!4 &415284
Transform:
  m_ObjectHideFlags: 1
  m_PrefabParentObject: {fileID: 0}
  m_PrefabInternal: {fileID: 100100000}
  m_GameObject: {fileID: 115994}
  m_LocalRotation: {x: 0.6359176, y: 0, z: -0, w: 0.77175695}
  m_LocalPosition: {x: -0.03333637, y: 0.089146055, z: -0.17048761}
  m_LocalScale: {x: 1, y: 1, z: 1}
  m_Children: []
  m_Father: {fileID: 478820}
  m_RootOrder: 1
--- !u!4 &415414
Transform:
  m_ObjectHideFlags: 1
  m_PrefabParentObject: {fileID: 0}
  m_PrefabInternal: {fileID: 100100000}
  m_GameObject: {fileID: 165374}
  m_LocalRotation: {x: 2.9065857e-15, y: -0.0000000062305108, z: 0.07126873, w: 0.9974572}
  m_LocalPosition: {x: -0.15796906, y: 0.015559044, z: -0.000000009822629}
  m_LocalScale: {x: 1, y: 1, z: 1}
  m_Children: []
  m_Father: {fileID: 468662}
  m_RootOrder: 0
--- !u!4 &418696
Transform:
  m_ObjectHideFlags: 1
  m_PrefabParentObject: {fileID: 0}
  m_PrefabInternal: {fileID: 100100000}
  m_GameObject: {fileID: 161774}
  m_LocalRotation: {x: -0.020630242, y: -0.09103207, z: -0.23086867, w: 0.9684974}
  m_LocalPosition: {x: -0.07971035, y: -0.0030094718, z: -0.07209772}
  m_LocalScale: {x: 0.99999994, y: 0.99999994, z: 0.99999994}
  m_Children: []
  m_Father: {fileID: 470172}
  m_RootOrder: 2
--- !u!4 &418698
Transform:
  m_ObjectHideFlags: 1
  m_PrefabParentObject: {fileID: 0}
  m_PrefabInternal: {fileID: 100100000}
  m_GameObject: {fileID: 137826}
  m_LocalRotation: {x: -0.000000044703487, y: -9.313236e-10, z: 0.000000022351742,
    w: 1}
  m_LocalPosition: {x: -0.08515932, y: 0.018761596, z: -0.029717226}
  m_LocalScale: {x: 1, y: 0.9999999, z: 1}
  m_Children:
  - {fileID: 491992}
  m_Father: {fileID: 454466}
  m_RootOrder: 0
--- !u!4 &419184
Transform:
  m_ObjectHideFlags: 1
  m_PrefabParentObject: {fileID: 0}
  m_PrefabInternal: {fileID: 100100000}
  m_GameObject: {fileID: 183160}
  m_LocalRotation: {x: -2.6473227e-15, y: -1.2734082e-15, z: -3.3711222e-30, w: 1}
  m_LocalPosition: {x: -0.07384414, y: 0.09106178, z: 0.0059204483}
  m_LocalScale: {x: 1, y: 1, z: 1}
  m_Children: []
  m_Father: {fileID: 492562}
  m_RootOrder: 0
--- !u!4 &419210
Transform:
  m_ObjectHideFlags: 1
  m_PrefabParentObject: {fileID: 0}
  m_PrefabInternal: {fileID: 100100000}
  m_GameObject: {fileID: 126746}
  m_LocalRotation: {x: 0, y: 0, z: 0, w: 1}
  m_LocalPosition: {x: 0, y: 0, z: 0}
  m_LocalScale: {x: 0.3, y: 0.3, z: 0.3}
  m_Children: []
  m_Father: {fileID: 466930}
  m_RootOrder: 3
--- !u!4 &420206
Transform:
  m_ObjectHideFlags: 1
  m_PrefabParentObject: {fileID: 0}
  m_PrefabInternal: {fileID: 100100000}
  m_GameObject: {fileID: 119912}
  m_LocalRotation: {x: 0.000000037252907, y: 0.0000000065192554, z: -0.000000067055225,
    w: 1}
  m_LocalPosition: {x: -0.08921598, y: 0.01991577, z: 0.019056397}
  m_LocalScale: {x: 1, y: 0.9999999, z: 1}
  m_Children:
  - {fileID: 423422}
  m_Father: {fileID: 454466}
  m_RootOrder: 1
--- !u!4 &423158
Transform:
  m_ObjectHideFlags: 1
  m_PrefabParentObject: {fileID: 0}
  m_PrefabInternal: {fileID: 100100000}
  m_GameObject: {fileID: 119104}
  m_LocalRotation: {x: -4.296871e-15, y: -7.744631e-16, z: 0.07981929, w: 0.99680936}
  m_LocalPosition: {x: 0.10718292, y: -0.0905347, z: -0.052319024}
  m_LocalScale: {x: 0.99999994, y: 0.99999994, z: 1}
  m_Children: []
  m_Father: {fileID: 492562}
  m_RootOrder: 5
--- !u!4 &423422
Transform:
  m_ObjectHideFlags: 1
  m_PrefabParentObject: {fileID: 0}
  m_PrefabInternal: {fileID: 100100000}
  m_GameObject: {fileID: 161412}
  m_LocalRotation: {x: 0.000000029802326, y: 0.000000008381901, z: -0.000000067055225,
    w: 1}
  m_LocalPosition: {x: -0.063781165, y: -0.000000076293944, z: 0}
  m_LocalScale: {x: 1, y: 0.9999999, z: 1}
  m_Children: []
  m_Father: {fileID: 420206}
  m_RootOrder: 0
--- !u!4 &425486
Transform:
  m_ObjectHideFlags: 1
  m_PrefabParentObject: {fileID: 0}
  m_PrefabInternal: {fileID: 100100000}
  m_GameObject: {fileID: 175236}
  m_LocalRotation: {x: 0.000007214024, y: -0.00007894378, z: 0.0633279, w: 0.99799275}
  m_LocalPosition: {x: -0.05276455, y: 0, z: 0}
  m_LocalScale: {x: 1, y: 1.0000001, z: 1}
  m_Children:
  - {fileID: 463702}
  m_Father: {fileID: 484912}
  m_RootOrder: 0
--- !u!4 &429684
Transform:
  m_ObjectHideFlags: 1
  m_PrefabParentObject: {fileID: 0}
  m_PrefabInternal: {fileID: 100100000}
  m_GameObject: {fileID: 119244}
  m_LocalRotation: {x: -0.07859065, y: 0.14357749, z: -0.47367406, w: 0.8653565}
  m_LocalPosition: {x: -0.0076707457, y: -0.08154271, z: 0.29022405}
  m_LocalScale: {x: 1, y: 1, z: 1}
  m_Children: []
  m_Father: {fileID: 477950}
  m_RootOrder: 0
--- !u!4 &432920
Transform:
  m_ObjectHideFlags: 1
  m_PrefabParentObject: {fileID: 0}
  m_PrefabInternal: {fileID: 100100000}
  m_GameObject: {fileID: 129128}
  m_LocalRotation: {x: -0.000000014901163, y: -9.313222e-10, z: -0.000000029802326,
    w: 1}
  m_LocalPosition: {x: -0.06378113, y: 0, z: 0.000000009536743}
  m_LocalScale: {x: 0.99999994, y: 0.99999994, z: 1.0000001}
  m_Children: []
  m_Father: {fileID: 495652}
  m_RootOrder: 0
--- !u!4 &433768
Transform:
  m_ObjectHideFlags: 1
  m_PrefabParentObject: {fileID: 0}
  m_PrefabInternal: {fileID: 100100000}
  m_GameObject: {fileID: 116154}
  m_LocalRotation: {x: 0.0000000065754393, y: 0.000000016047126, z: 0.2187666, w: 0.9757772}
  m_LocalPosition: {x: 0, y: 0, z: 0}
  m_LocalScale: {x: 1, y: 1, z: 1}
  m_Children:
  - {fileID: 486396}
  m_Father: {fileID: 492562}
  m_RootOrder: 2
--- !u!4 &435574
Transform:
  m_ObjectHideFlags: 1
  m_PrefabParentObject: {fileID: 0}
  m_PrefabInternal: {fileID: 100100000}
  m_GameObject: {fileID: 107182}
  m_LocalRotation: {x: -0.69556826, y: -0.062070098, z: -0.23250821, w: 0.67695796}
  m_LocalPosition: {x: -0.10878397, y: 0, z: 0.000000026226044}
  m_LocalScale: {x: 0.9999999, y: 1, z: 0.99999994}
  m_Children:
  - {fileID: 453004}
  m_Father: {fileID: 441394}
  m_RootOrder: 0
--- !u!4 &436472
Transform:
  m_ObjectHideFlags: 1
  m_PrefabParentObject: {fileID: 0}
  m_PrefabInternal: {fileID: 100100000}
  m_GameObject: {fileID: 189834}
  m_LocalRotation: {x: 0.020603823, y: 0.09101932, z: -0.23053688, w: 0.9685782}
  m_LocalPosition: {x: -0.07971035, y: -0.0030094672, z: 0.072097816}
  m_LocalScale: {x: 0.99999994, y: 0.9999999, z: 0.9999999}
  m_Children: []
  m_Father: {fileID: 447274}
  m_RootOrder: 2
--- !u!4 &437338
Transform:
  m_ObjectHideFlags: 1
  m_PrefabParentObject: {fileID: 0}
  m_PrefabInternal: {fileID: 100100000}
  m_GameObject: {fileID: 183148}
  m_LocalRotation: {x: 0.013135053, y: -0.0000004952106, z: 0.0000072546827, w: 0.99991375}
  m_LocalPosition: {x: -0.25013632, y: 0.0000004762411, z: 0.00000019073485}
  m_LocalScale: {x: 1, y: 1, z: 1}
  m_Children:
  - {fileID: 447274}
  m_Father: {fileID: 462632}
  m_RootOrder: 0
--- !u!4 &438802
Transform:
  m_ObjectHideFlags: 1
  m_PrefabParentObject: {fileID: 0}
  m_PrefabInternal: {fileID: 100100000}
  m_GameObject: {fileID: 155776}
  m_LocalRotation: {x: 0, y: 0, z: 0, w: 1}
  m_LocalPosition: {x: 0, y: 0, z: 0}
  m_LocalScale: {x: 0.3, y: 0.3, z: 0.3}
  m_Children: []
  m_Father: {fileID: 466930}
  m_RootOrder: 2
--- !u!4 &439594
Transform:
  m_ObjectHideFlags: 1
  m_PrefabParentObject: {fileID: 0}
  m_PrefabInternal: {fileID: 100100000}
  m_GameObject: {fileID: 107760}
  m_LocalRotation: {x: -0.000032045216, y: 0.00007258437, z: -0.20066227, w: 0.97966045}
  m_LocalPosition: {x: -0.052764587, y: 0, z: 0}
  m_LocalScale: {x: 1.0000001, y: 1.0000001, z: 1}
  m_Children:
  - {fileID: 492562}
  m_Father: {fileID: 463702}
  m_RootOrder: 0
--- !u!4 &440632
Transform:
  m_ObjectHideFlags: 1
  m_PrefabParentObject: {fileID: 0}
  m_PrefabInternal: {fileID: 100100000}
  m_GameObject: {fileID: 154580}
  m_LocalRotation: {x: 0, y: 0, z: 0.7071066, w: -0.70710695}
  m_LocalPosition: {x: 0, y: 0, z: 0}
  m_LocalScale: {x: 1, y: 1, z: 1}
  m_Children:
  - {fileID: 478820}
  - {fileID: 481842}
  - {fileID: 468662}
  - {fileID: 473262}
  - {fileID: 462632}
  - {fileID: 484912}
  m_Father: {fileID: 482206}
  m_RootOrder: 0
--- !u!4 &441394
Transform:
  m_ObjectHideFlags: 1
  m_PrefabParentObject: {fileID: 0}
  m_PrefabInternal: {fileID: 100100000}
  m_GameObject: {fileID: 177054}
  m_LocalRotation: {x: 0.47292084, y: 0.68865734, z: -0.28159434, w: 0.47201863}
  m_LocalPosition: {x: -0.017019348, y: 0.0408485, z: -0.002164499}
  m_LocalScale: {x: 0.99999994, y: 1, z: 0.99999994}
  m_Children:
  - {fileID: 435574}
  m_Father: {fileID: 492562}
  m_RootOrder: 1
--- !u!4 &442740
Transform:
  m_ObjectHideFlags: 1
  m_PrefabParentObject: {fileID: 0}
  m_PrefabInternal: {fileID: 100100000}
  m_GameObject: {fileID: 164060}
  m_LocalRotation: {x: 0, y: 0, z: 0, w: 1}
  m_LocalPosition: {x: 0, y: 0, z: 0}
  m_LocalScale: {x: 0.3, y: 0.3, z: 0.3}
  m_Children: []
  m_Father: {fileID: 466930}
  m_RootOrder: 1
--- !u!4 &447138
Transform:
  m_ObjectHideFlags: 1
  m_PrefabParentObject: {fileID: 0}
  m_PrefabInternal: {fileID: 100100000}
  m_GameObject: {fileID: 160710}
  m_LocalRotation: {x: 2.162214e-21, y: 0, z: -0, w: 1}
  m_LocalPosition: {x: -0.03570152, y: -0.000000019073486, z: -0.18043213}
  m_LocalScale: {x: 1, y: 1, z: 1}
  m_Children: []
  m_Father: {fileID: 481842}
  m_RootOrder: 3
--- !u!4 &447274
Transform:
  m_ObjectHideFlags: 1
  m_PrefabParentObject: {fileID: 0}
  m_PrefabInternal: {fileID: 100100000}
  m_GameObject: {fileID: 192286}
  m_LocalRotation: {x: -0.0061293854, y: -0.013151267, z: -0.5311197, w: 0.84717256}
  m_LocalPosition: {x: -0.22299366, y: 0, z: -0.000000009536743}
  m_LocalScale: {x: 0.99998885, y: 0.9999526, z: 1.0000001}
  m_Children:
  - {fileID: 490080}
  - {fileID: 414000}
  - {fileID: 436472}
  m_Father: {fileID: 437338}
  m_RootOrder: 0
--- !u!4 &452340
Transform:
  m_ObjectHideFlags: 1
  m_PrefabParentObject: {fileID: 0}
  m_PrefabInternal: {fileID: 100100000}
  m_GameObject: {fileID: 142408}
  m_LocalRotation: {x: -0.000018851899, y: -0.12119508, z: -0.0001643318, w: 0.9926287}
  m_LocalPosition: {x: -0.11478834, y: 0, z: 0.000000019073486}
  m_LocalScale: {x: 0.99999994, y: 0.9999998, z: 1.0000002}
  m_Children: []
  m_Father: {fileID: 477014}
  m_RootOrder: 0
--- !u!4 &453004
Transform:
  m_ObjectHideFlags: 1
  m_PrefabParentObject: {fileID: 0}
  m_PrefabInternal: {fileID: 100100000}
  m_GameObject: {fileID: 129520}
  m_LocalRotation: {x: -0.00004959029, y: -0.015194288, z: 0.005262708, w: 0.9998707}
  m_LocalPosition: {x: -0.13047494, y: -0.0000000023841857, z: -0.000000076293944}
  m_LocalScale: {x: 0.99999994, y: 0.99999994, z: 0.9999999}
  m_Children:
  - {fileID: 412632}
  m_Father: {fileID: 435574}
  m_RootOrder: 0
--- !u!4 &454466
Transform:
  m_ObjectHideFlags: 1
  m_PrefabParentObject: {fileID: 0}
  m_PrefabInternal: {fileID: 100100000}
  m_GameObject: {fileID: 102630}
  m_LocalRotation: {x: 0.66094303, y: 0.0019036125, z: -0.0035794666, w: 0.7504251}
  m_LocalPosition: {x: -0.1771465, y: -0.0000000023841857, z: -0.000000076293944}
  m_LocalScale: {x: 1, y: 0.9999999, z: 1}
  m_Children:
  - {fileID: 418698}
  - {fileID: 420206}
  - {fileID: 412028}
  - {fileID: 472214}
  m_Father: {fileID: 478952}
  m_RootOrder: 0
--- !u!4 &462632
Transform:
  m_ObjectHideFlags: 1
  m_PrefabParentObject: {fileID: 0}
  m_PrefabInternal: {fileID: 100100000}
  m_GameObject: {fileID: 120672}
  m_LocalRotation: {x: 0.008230657, y: 0.9999379, z: 0.0030476896, w: -0.006868504}
  m_LocalPosition: {x: -0.008252297, y: 0.000103871775, z: -0.09779069}
  m_LocalScale: {x: 1.0000585, y: 1, z: 1}
  m_Children:
  - {fileID: 437338}
  m_Father: {fileID: 440632}
  m_RootOrder: 4
--- !u!4 &463640
Transform:
  m_ObjectHideFlags: 1
  m_PrefabParentObject: {fileID: 0}
  m_PrefabInternal: {fileID: 100100000}
  m_GameObject: {fileID: 184556}
  m_LocalRotation: {x: 0, y: 0, z: 0, w: 1}
  m_LocalPosition: {x: 0, y: 0, z: 0}
  m_LocalScale: {x: 1, y: 1, z: 1}
  m_Children:
  - {fileID: 482206}
  m_Father: {fileID: 466930}
  m_RootOrder: 0
--- !u!4 &463702
Transform:
  m_ObjectHideFlags: 1
  m_PrefabParentObject: {fileID: 0}
  m_PrefabInternal: {fileID: 100100000}
  m_GameObject: {fileID: 148792}
  m_LocalRotation: {x: 0.0000000018783428, y: -0.000000051737512, z: -0.09291699,
    w: 0.9956739}
  m_LocalPosition: {x: -0.05276455, y: 0.000000019073486, z: 1.8626451e-11}
  m_LocalScale: {x: 1, y: 1, z: 0.99999994}
  m_Children:
  - {fileID: 439594}
  m_Father: {fileID: 425486}
  m_RootOrder: 0
--- !u!4 &465074
Transform:
  m_ObjectHideFlags: 1
  m_PrefabParentObject: {fileID: 0}
  m_PrefabInternal: {fileID: 100100000}
  m_GameObject: {fileID: 151138}
  m_LocalRotation: {x: 0.018735388, y: 0.07417204, z: -0.23103015, w: 0.9699343}
  m_LocalPosition: {x: -0.09816631, y: 0.005095835, z: 0.03645851}
  m_LocalScale: {x: 1, y: 0.99999994, z: 0.99999994}
  m_Children: []
  m_Father: {fileID: 470172}
  m_RootOrder: 0
--- !u!4 &466206
Transform:
  m_ObjectHideFlags: 1
  m_PrefabParentObject: {fileID: 0}
  m_PrefabInternal: {fileID: 100100000}
  m_GameObject: {fileID: 163192}
  m_LocalRotation: {x: 0.000000052154068, y: 0.000000008381907, z: 0.000000059604645,
    w: 1}
  m_LocalPosition: {x: -0.06378109, y: -0.000000076293944, z: 0.000000009536743}
  m_LocalScale: {x: 1, y: 0.99999994, z: 1.0000001}
  m_Children: []
  m_Father: {fileID: 496196}
  m_RootOrder: 0
--- !u!4 &466930
Transform:
  m_ObjectHideFlags: 1
  m_PrefabParentObject: {fileID: 0}
  m_PrefabInternal: {fileID: 100100000}
  m_GameObject: {fileID: 140222}
  m_LocalRotation: {x: 0, y: 0, z: 0, w: 1}
  m_LocalPosition: {x: 123, y: -68.5, z: 0}
  m_LocalScale: {x: 1, y: 1, z: 1}
  m_Children:
  - {fileID: 463640}
  - {fileID: 442740}
  - {fileID: 438802}
  - {fileID: 419210}
  m_Father: {fileID: 0}
  m_RootOrder: 0
--- !u!4 &468578
Transform:
  m_ObjectHideFlags: 1
  m_PrefabParentObject: {fileID: 0}
  m_PrefabInternal: {fileID: 100100000}
  m_GameObject: {fileID: 122174}
  m_LocalRotation: {x: 0.000000050663502, y: -0.09934319, z: 0.00000005747144, w: 0.99505323}
  m_LocalPosition: {x: -0.08057015, y: 0.0060570524, z: -0.050744303}
  m_LocalScale: {x: 0.99999994, y: 0.99999994, z: 1}
  m_Children:
  - {fileID: 496866}
  m_Father: {fileID: 412632}
  m_RootOrder: 2
--- !u!4 &468662
Transform:
  m_ObjectHideFlags: 1
  m_PrefabParentObject: {fileID: 0}
  m_PrefabInternal: {fileID: 100100000}
  m_GameObject: {fileID: 181276}
  m_LocalRotation: {x: 2.162214e-21, y: 0, z: -0, w: 1}
  m_LocalPosition: {x: 0.16449219, y: 0.12791686, z: 5.185099e-16}
  m_LocalScale: {x: 1, y: 1, z: 1}
  m_Children:
  - {fileID: 415414}
  m_Father: {fileID: 440632}
  m_RootOrder: 2
--- !u!4 &470172
Transform:
  m_ObjectHideFlags: 1
  m_PrefabParentObject: {fileID: 0}
  m_PrefabInternal: {fileID: 100100000}
  m_GameObject: {fileID: 173048}
  m_LocalRotation: {x: 0.006144339, y: 0.013166097, z: -0.53082603, w: 0.84735626}
  m_LocalPosition: {x: -0.22299367, y: 5.9604643e-10, z: 0}
  m_LocalScale: {x: 0.9999889, y: 0.9999528, z: 0.9999999}
  m_Children:
  - {fileID: 465074}
  - {fileID: 497382}
  - {fileID: 418696}
  m_Father: {fileID: 491802}
  m_RootOrder: 0
--- !u!4 &472214
Transform:
  m_ObjectHideFlags: 1
  m_PrefabParentObject: {fileID: 0}
  m_PrefabInternal: {fileID: 100100000}
  m_GameObject: {fileID: 106506}
  m_LocalRotation: {x: -0.000045624733, y: -0.24340636, z: 0.00016435928, w: 0.9699244}
  m_LocalPosition: {x: 0.012843398, y: 0.017632293, z: -0.025708713}
  m_LocalScale: {x: 1, y: 0.9999998, z: 1}
  m_Children:
  - {fileID: 405514}
  m_Father: {fileID: 454466}
  m_RootOrder: 3
--- !u!4 &473262
Transform:
  m_ObjectHideFlags: 1
  m_PrefabParentObject: {fileID: 0}
  m_PrefabInternal: {fileID: 100100000}
  m_GameObject: {fileID: 180708}
  m_LocalRotation: {x: 0.008230655, y: 0.9999379, z: -0.003047692, w: 0.006868493}
  m_LocalPosition: {x: -0.008252297, y: 0.000103871775, z: 0.09779069}
  m_LocalScale: {x: 1.0000584, y: 1, z: 1}
  m_Children:
  - {fileID: 491802}
  m_Father: {fileID: 440632}
  m_RootOrder: 3
--- !u!4 &473472
Transform:
  m_ObjectHideFlags: 1
  m_PrefabParentObject: {fileID: 0}
  m_PrefabInternal: {fileID: 100100000}
  m_GameObject: {fileID: 192208}
  m_LocalRotation: {x: -0.6359176, y: 0, z: -0, w: 0.77175695}
  m_LocalPosition: {x: -0.03333637, y: 0.08542345, z: 0.18959646}
  m_LocalScale: {x: 1, y: 1, z: 1}
  m_Children: []
  m_Father: {fileID: 478820}
  m_RootOrder: 0
--- !u!4 &474414
Transform:
  m_ObjectHideFlags: 1
  m_PrefabParentObject: {fileID: 0}
  m_PrefabInternal: {fileID: 100100000}
  m_GameObject: {fileID: 110006}
  m_LocalRotation: {x: 0.6955684, y: 0.062070053, z: -0.23250839, w: 0.6769577}
  m_LocalPosition: {x: -0.108784005, y: 0, z: 0.0000000333786}
  m_LocalScale: {x: 1.0000001, y: 0.9999999, z: 1}
  m_Children:
  - {fileID: 478952}
  m_Father: {fileID: 495718}
  m_RootOrder: 0
--- !u!4 &476790
Transform:
  m_ObjectHideFlags: 1
  m_PrefabParentObject: {fileID: 0}
  m_PrefabInternal: {fileID: 100100000}
  m_GameObject: {fileID: 187100}
  m_LocalRotation: {x: -2.6473227e-15, y: -1.2734082e-15, z: -3.3711222e-30, w: 1}
  m_LocalPosition: {x: 0.09030109, y: -0.10831085, z: 0.033633124}
  m_LocalScale: {x: 1, y: 1, z: 1}
  m_Children: []
  m_Father: {fileID: 492562}
  m_RootOrder: 3
--- !u!4 &477014
Transform:
  m_ObjectHideFlags: 1
  m_PrefabParentObject: {fileID: 0}
  m_PrefabInternal: {fileID: 100100000}
  m_GameObject: {fileID: 176118}
  m_LocalRotation: {x: 0.00004570053, y: 0.24340649, z: 0.00016433261, w: 0.9699244}
  m_LocalPosition: {x: 0.01284336, y: 0.017632216, z: 0.025708713}
  m_LocalScale: {x: 0.99999994, y: 0.9999999, z: 1}
  m_Children:
  - {fileID: 452340}
  m_Father: {fileID: 412632}
  m_RootOrder: 3
--- !u!4 &477950
Transform:
  m_ObjectHideFlags: 1
  m_PrefabParentObject: {fileID: 0}
  m_PrefabInternal: {fileID: 100100000}
  m_GameObject: {fileID: 175500}
  m_LocalRotation: {x: 8.485193e-10, y: 0.0000000024903493, z: -0.18035182, w: 0.98360217}
  m_LocalPosition: {x: -0.088463746, y: 0.000000019073486, z: 0}
  m_LocalScale: {x: 1, y: 0.9999997, z: 1}
  m_Children:
  - {fileID: 429684}
  - {fileID: 480460}
  m_Father: {fileID: 496212}
  m_RootOrder: 0
--- !u!4 &478820
Transform:
  m_ObjectHideFlags: 1
  m_PrefabParentObject: {fileID: 0}
  m_PrefabInternal: {fileID: 100100000}
  m_GameObject: {fileID: 116708}
  m_LocalRotation: {x: -0.04818124, y: 0, z: -0, w: 0.9988386}
  m_LocalPosition: {x: 0.20323135, y: -0.14650239, z: -1.6466196e-15}
  m_LocalScale: {x: 1, y: 1, z: 1}
  m_Children:
  - {fileID: 473472}
  - {fileID: 415284}
  m_Father: {fileID: 440632}
  m_RootOrder: 0
--- !u!4 &478952
Transform:
  m_ObjectHideFlags: 1
  m_PrefabParentObject: {fileID: 0}
  m_PrefabInternal: {fileID: 100100000}
  m_GameObject: {fileID: 118816}
  m_LocalRotation: {x: 0.00004957532, y: 0.015194302, z: 0.0052627074, w: 0.9998707}
  m_LocalPosition: {x: -0.13047497, y: 0, z: 0}
  m_LocalScale: {x: 1, y: 0.99999994, z: 0.99999994}
  m_Children:
  - {fileID: 454466}
  m_Father: {fileID: 474414}
  m_RootOrder: 0
--- !u!4 &480460
Transform:
  m_ObjectHideFlags: 1
  m_PrefabParentObject: {fileID: 0}
  m_PrefabInternal: {fileID: 100100000}
  m_GameObject: {fileID: 103888}
  m_LocalRotation: {x: 0.07859066, y: -0.1435775, z: -0.47367418, w: 0.8653565}
  m_LocalPosition: {x: -0.0076707457, y: -0.08154273, z: -0.29022405}
  m_LocalScale: {x: 1, y: 1, z: 1}
  m_Children: []
  m_Father: {fileID: 477950}
  m_RootOrder: 1
--- !u!4 &481842
Transform:
  m_ObjectHideFlags: 1
  m_PrefabParentObject: {fileID: 0}
  m_PrefabInternal: {fileID: 100100000}
  m_GameObject: {fileID: 116046}
  m_LocalRotation: {x: 2.162214e-21, y: 0, z: -0, w: 1}
  m_LocalPosition: {x: 0.053845823, y: -0.16365725, z: -0.0000000013194517}
  m_LocalScale: {x: 1, y: 1, z: 1}
  m_Children:
  - {fileID: 496520}
  - {fileID: 484636}
  - {fileID: 482984}
  - {fileID: 447138}
  m_Father: {fileID: 440632}
  m_RootOrder: 1
--- !u!4 &482206
Transform:
  m_ObjectHideFlags: 1
  m_PrefabParentObject: {fileID: 0}
  m_PrefabInternal: {fileID: 100100000}
  m_GameObject: {fileID: 177766}
  m_LocalRotation: {x: 0, y: 0, z: 0, w: 1}
  m_LocalPosition: {x: 0, y: -0.5, z: 0}
  m_LocalScale: {x: 1.3, y: 1.3, z: 1.3}
  m_Children:
  - {fileID: 440632}
  m_Father: {fileID: 463640}
  m_RootOrder: 0
--- !u!4 &482984
Transform:
  m_ObjectHideFlags: 1
  m_PrefabParentObject: {fileID: 0}
  m_PrefabInternal: {fileID: 100100000}
  m_GameObject: {fileID: 184736}
  m_LocalRotation: {x: 2.162214e-21, y: 0, z: -0, w: 1}
  m_LocalPosition: {x: -0.03570152, y: -0.000000019073486, z: -0.18043213}
  m_LocalScale: {x: 1, y: 1, z: 1}
  m_Children: []
  m_Father: {fileID: 481842}
  m_RootOrder: 2
--- !u!4 &484636
Transform:
  m_ObjectHideFlags: 1
  m_PrefabParentObject: {fileID: 0}
  m_PrefabInternal: {fileID: 100100000}
  m_GameObject: {fileID: 155080}
  m_LocalRotation: {x: 2.162214e-21, y: 0, z: -0, w: 1}
  m_LocalPosition: {x: -0.03570152, y: -0.000000019073486, z: 0.18043213}
  m_LocalScale: {x: 1, y: 1, z: 1}
  m_Children: []
  m_Father: {fileID: 481842}
  m_RootOrder: 1
--- !u!4 &484912
Transform:
  m_ObjectHideFlags: 1
  m_PrefabParentObject: {fileID: 0}
  m_PrefabInternal: {fileID: 100100000}
  m_GameObject: {fileID: 151832}
  m_LocalRotation: {x: 0.00000072237316, y: -0.000066238754, z: 0.099710815, w: 0.99501646}
  m_LocalPosition: {x: 0, y: 0, z: 0}
  m_LocalScale: {x: 1, y: 1, z: 1}
  m_Children:
  - {fileID: 425486}
  m_Father: {fileID: 440632}
  m_RootOrder: 5
--- !u!4 &486396
Transform:
  m_ObjectHideFlags: 1
  m_PrefabParentObject: {fileID: 0}
  m_PrefabInternal: {fileID: 100100000}
  m_GameObject: {fileID: 167948}
  m_LocalRotation: {x: -0.000000016221408, y: -0.0000000052790896, z: 0.20191129,
    w: 0.97940385}
  m_LocalPosition: {x: -0.108395, y: 0, z: 4.6566128e-12}
  m_LocalScale: {x: 1, y: 1.0000001, z: 1}
  m_Children:
  - {fileID: 496212}
  m_Father: {fileID: 433768}
  m_RootOrder: 0
--- !u!4 &490080
Transform:
  m_ObjectHideFlags: 1
  m_PrefabParentObject: {fileID: 0}
  m_PrefabInternal: {fileID: 100100000}
  m_GameObject: {fileID: 185810}
  m_LocalRotation: {x: -0.018705275, y: -0.07419826, z: -0.23069867, w: 0.9700118}
  m_LocalPosition: {x: -0.09816631, y: 0.0050958395, z: -0.03645856}
  m_LocalScale: {x: 0.99999994, y: 0.9999999, z: 0.9999998}
  m_Children: []
  m_Father: {fileID: 447274}
  m_RootOrder: 0
--- !u!4 &491802
Transform:
  m_ObjectHideFlags: 1
  m_PrefabParentObject: {fileID: 0}
  m_PrefabInternal: {fileID: 100100000}
  m_GameObject: {fileID: 136452}
  m_LocalRotation: {x: -0.0131345475, y: 0.0000005190126, z: 0.0000029612277, w: 0.99991375}
  m_LocalPosition: {x: -0.25013635, y: 0.00000047683716, z: -0.0000002002716}
  m_LocalScale: {x: 1, y: 1, z: 1.0000002}
  m_Children:
  - {fileID: 470172}
  m_Father: {fileID: 473262}
  m_RootOrder: 0
--- !u!4 &491992
Transform:
  m_ObjectHideFlags: 1
  m_PrefabParentObject: {fileID: 0}
  m_PrefabInternal: {fileID: 100100000}
  m_GameObject: {fileID: 174556}
  m_LocalRotation: {x: -0.000000044703487, y: -0.0000000018626463, z: 0.000000022351742,
    w: 1}
  m_LocalPosition: {x: -0.06378109, y: -0.000000076293944, z: 0}
  m_LocalScale: {x: 1, y: 0.9999999, z: 1}
  m_Children: []
  m_Father: {fileID: 418698}
  m_RootOrder: 0
--- !u!4 &492562
Transform:
  m_ObjectHideFlags: 1
  m_PrefabParentObject: {fileID: 0}
  m_PrefabInternal: {fileID: 100100000}
  m_GameObject: {fileID: 191324}
  m_LocalRotation: {x: -0.00003152651, y: 0.000058236543, z: -0.1213917, w: 0.9926047}
  m_LocalPosition: {x: -0.05276451, y: -0.000000019073486, z: 4.6566128e-12}
  m_LocalScale: {x: 1, y: 1, z: 1.0000001}
  m_Children:
  - {fileID: 419184}
  - {fileID: 441394}
  - {fileID: 433768}
  - {fileID: 476790}
  - {fileID: 495718}
  - {fileID: 423158}
  m_Father: {fileID: 439594}
  m_RootOrder: 0
--- !u!4 &495652
Transform:
  m_ObjectHideFlags: 1
  m_PrefabParentObject: {fileID: 0}
  m_PrefabInternal: {fileID: 100100000}
  m_GameObject: {fileID: 136552}
  m_LocalRotation: {x: -0.000000022351744, y: 6.661339e-16, z: -0.000000029802326,
    w: 1}
  m_LocalPosition: {x: -0.0851593, y: 0.018761596, z: 0.029717216}
  m_LocalScale: {x: 0.99999994, y: 0.99999994, z: 1.0000001}
  m_Children:
  - {fileID: 432920}
  m_Father: {fileID: 412632}
  m_RootOrder: 0
--- !u!4 &495718
Transform:
  m_ObjectHideFlags: 1
  m_PrefabParentObject: {fileID: 0}
  m_PrefabInternal: {fileID: 100100000}
  m_GameObject: {fileID: 190964}
  m_LocalRotation: {x: 0.47292095, y: 0.68865716, z: 0.2815945, w: -0.47201866}
  m_LocalPosition: {x: -0.017019348, y: 0.0408485, z: 0.0021644987}
  m_LocalScale: {x: 1.0000001, y: 1.0000001, z: 1.0000001}
  m_Children:
  - {fileID: 474414}
  m_Father: {fileID: 492562}
  m_RootOrder: 4
--- !u!4 &496196
Transform:
  m_ObjectHideFlags: 1
  m_PrefabParentObject: {fileID: 0}
  m_PrefabInternal: {fileID: 100100000}
  m_GameObject: {fileID: 161074}
  m_LocalRotation: {x: 0.000000052154068, y: 0.000000007450584, z: 0.000000059604645,
    w: 1}
  m_LocalPosition: {x: -0.089215964, y: 0.01991577, z: -0.019056397}
  m_LocalScale: {x: 1, y: 0.99999994, z: 1}
  m_Children:
  - {fileID: 466206}
  m_Father: {fileID: 412632}
  m_RootOrder: 1
--- !u!4 &496212
Transform:
  m_ObjectHideFlags: 1
  m_PrefabParentObject: {fileID: 0}
  m_PrefabInternal: {fileID: 100100000}
  m_GameObject: {fileID: 106954}
  m_LocalRotation: {x: 8.7356655e-10, y: -0.000000009573745, z: 0.011014504, w: 0.9999394}
  m_LocalPosition: {x: -0.10345512, y: 0, z: 0}
  m_LocalScale: {x: 1, y: 1.0000002, z: 1}
  m_Children:
  - {fileID: 477950}
  m_Father: {fileID: 486396}
  m_RootOrder: 0
--- !u!4 &496520
Transform:
  m_ObjectHideFlags: 1
  m_PrefabParentObject: {fileID: 0}
  m_PrefabInternal: {fileID: 100100000}
  m_GameObject: {fileID: 147086}
  m_LocalRotation: {x: -1.2053644e-16, y: 0.000000015983904, z: -0.18283457, w: 0.9831437}
  m_LocalPosition: {x: -0.15480971, y: 0.026995858, z: 0.0000000023600564}
  m_LocalScale: {x: 1, y: 1, z: 1}
  m_Children: []
  m_Father: {fileID: 481842}
  m_RootOrder: 0
--- !u!4 &496866
Transform:
  m_ObjectHideFlags: 1
  m_PrefabParentObject: {fileID: 0}
  m_PrefabInternal: {fileID: 100100000}
  m_GameObject: {fileID: 133306}
  m_LocalRotation: {x: 0.00000012665987, y: 0.0000000102445705, z: 0.00000016391279,
    w: 1}
  m_LocalPosition: {x: -0.06378109, y: 0.000000076293944, z: 0}
  m_LocalScale: {x: 0.9999999, y: 0.99999994, z: 1}
  m_Children: []
  m_Father: {fileID: 468578}
  m_RootOrder: 0
--- !u!4 &497382
Transform:
  m_ObjectHideFlags: 1
  m_PrefabParentObject: {fileID: 0}
  m_PrefabInternal: {fileID: 100100000}
  m_GameObject: {fileID: 145354}
  m_LocalRotation: {x: -0.0068626343, y: -0.033268813, z: -0.23168696, w: 0.9721971}
  m_LocalPosition: {x: -0.09412118, y: 0.0054604243, z: -0.021532135}
  m_LocalScale: {x: 0.99999994, y: 0.99999994, z: 0.99999994}
  m_Children: []
  m_Father: {fileID: 470172}
  m_RootOrder: 1
--- !u!23 &2312548
MeshRenderer:
  m_ObjectHideFlags: 1
  m_PrefabParentObject: {fileID: 0}
  m_PrefabInternal: {fileID: 100100000}
  m_GameObject: {fileID: 164060}
  m_Enabled: 1
  m_CastShadows: 1
  m_ReceiveShadows: 1
  m_Materials:
  - {fileID: 2100000, guid: 95e4e67f6d4239848ac49fd1f39cafb1, type: 2}
  m_SubsetIndices: 
  m_StaticBatchRoot: {fileID: 0}
  m_UseLightProbes: 1
  m_ReflectionProbeUsage: 1
  m_ProbeAnchor: {fileID: 0}
  m_ScaleInLightmap: 1
  m_PreserveUVs: 1
  m_IgnoreNormalsForChartDetection: 0
  m_ImportantGI: 0
  m_MinimumChartSize: 4
  m_AutoUVMaxDistance: 0.5
  m_AutoUVMaxAngle: 89
  m_LightmapParameters: {fileID: 0}
  m_SortingLayerID: 0
  m_SortingOrder: 0
--- !u!23 &2378732
MeshRenderer:
  m_ObjectHideFlags: 1
  m_PrefabParentObject: {fileID: 0}
  m_PrefabInternal: {fileID: 100100000}
  m_GameObject: {fileID: 155776}
  m_Enabled: 1
  m_CastShadows: 1
  m_ReceiveShadows: 1
  m_Materials:
  - {fileID: 2100000, guid: f47aaadcc3f0dcb4bbe98c0ef4068603, type: 2}
  m_SubsetIndices: 
  m_StaticBatchRoot: {fileID: 0}
  m_UseLightProbes: 1
  m_ReflectionProbeUsage: 1
  m_ProbeAnchor: {fileID: 0}
  m_ScaleInLightmap: 1
  m_PreserveUVs: 1
  m_IgnoreNormalsForChartDetection: 0
  m_ImportantGI: 0
  m_MinimumChartSize: 4
  m_AutoUVMaxDistance: 0.5
  m_AutoUVMaxAngle: 89
  m_LightmapParameters: {fileID: 0}
  m_SortingLayerID: 0
  m_SortingOrder: 0
--- !u!23 &2383158
MeshRenderer:
  m_ObjectHideFlags: 1
  m_PrefabParentObject: {fileID: 0}
  m_PrefabInternal: {fileID: 100100000}
  m_GameObject: {fileID: 126746}
  m_Enabled: 1
  m_CastShadows: 1
  m_ReceiveShadows: 1
  m_Materials:
  - {fileID: 2100000, guid: 5fd4f0a0c2c9b9d42802f3aa1bceda69, type: 2}
  m_SubsetIndices: 
  m_StaticBatchRoot: {fileID: 0}
  m_UseLightProbes: 1
  m_ReflectionProbeUsage: 1
  m_ProbeAnchor: {fileID: 0}
  m_ScaleInLightmap: 1
  m_PreserveUVs: 1
  m_IgnoreNormalsForChartDetection: 0
  m_ImportantGI: 0
  m_MinimumChartSize: 4
  m_AutoUVMaxDistance: 0.5
  m_AutoUVMaxAngle: 89
  m_LightmapParameters: {fileID: 0}
  m_SortingLayerID: 0
  m_SortingOrder: 0
--- !u!33 &3330838
MeshFilter:
  m_ObjectHideFlags: 1
  m_PrefabParentObject: {fileID: 0}
  m_PrefabInternal: {fileID: 100100000}
  m_GameObject: {fileID: 164060}
  m_Mesh: {fileID: 10207, guid: 0000000000000000e000000000000000, type: 0}
--- !u!33 &3370248
MeshFilter:
  m_ObjectHideFlags: 1
  m_PrefabParentObject: {fileID: 0}
  m_PrefabInternal: {fileID: 100100000}
  m_GameObject: {fileID: 155776}
  m_Mesh: {fileID: 10207, guid: 0000000000000000e000000000000000, type: 0}
--- !u!33 &3382974
MeshFilter:
  m_ObjectHideFlags: 1
  m_PrefabParentObject: {fileID: 0}
  m_PrefabInternal: {fileID: 100100000}
  m_GameObject: {fileID: 126746}
  m_Mesh: {fileID: 10207, guid: 0000000000000000e000000000000000, type: 0}
--- !u!54 &5426330
Rigidbody:
  m_ObjectHideFlags: 1
  m_PrefabParentObject: {fileID: 0}
  m_PrefabInternal: {fileID: 100100000}
  m_GameObject: {fileID: 184556}
  serializedVersion: 2
  m_Mass: 10
  m_Drag: 1
  m_AngularDrag: 0.05
  m_UseGravity: 1
  m_IsKinematic: 0
  m_Interpolate: 1
  m_Constraints: 120
  m_CollisionDetection: 0
--- !u!54 &5439052
Rigidbody:
  m_ObjectHideFlags: 1
  m_PrefabParentObject: {fileID: 0}
  m_PrefabInternal: {fileID: 100100000}
  m_GameObject: {fileID: 164060}
  serializedVersion: 2
  m_Mass: 0.001
  m_Drag: 0
  m_AngularDrag: 0.05
  m_UseGravity: 0
  m_IsKinematic: 0
  m_Interpolate: 1
  m_Constraints: 120
  m_CollisionDetection: 0
--- !u!54 &5442452
Rigidbody:
  m_ObjectHideFlags: 1
  m_PrefabParentObject: {fileID: 0}
  m_PrefabInternal: {fileID: 100100000}
  m_GameObject: {fileID: 126746}
  serializedVersion: 2
  m_Mass: 0.001
  m_Drag: 0
  m_AngularDrag: 0.05
  m_UseGravity: 0
  m_IsKinematic: 0
  m_Interpolate: 1
  m_Constraints: 120
  m_CollisionDetection: 0
--- !u!54 &5497902
Rigidbody:
  m_ObjectHideFlags: 1
  m_PrefabParentObject: {fileID: 0}
  m_PrefabInternal: {fileID: 100100000}
  m_GameObject: {fileID: 155776}
  serializedVersion: 2
  m_Mass: 0.001
  m_Drag: 0
  m_AngularDrag: 0.05
  m_UseGravity: 0
  m_IsKinematic: 0
  m_Interpolate: 1
  m_Constraints: 120
  m_CollisionDetection: 0
--- !u!82 &8290150
AudioSource:
  m_ObjectHideFlags: 1
  m_PrefabParentObject: {fileID: 0}
  m_PrefabInternal: {fileID: 100100000}
  m_GameObject: {fileID: 184556}
  m_Enabled: 1
  serializedVersion: 4
  OutputAudioMixerGroup: {fileID: 24337998, guid: df02530988d678d4caa4d8361a0c48d5,
    type: 2}
  m_audioClip: {fileID: 0}
  m_PlayOnAwake: 0
  m_Volume: 1
  m_Pitch: 1
  Loop: 0
  Mute: 0
  Spatialize: 0
  Priority: 128
  DopplerLevel: 1
  MinDistance: 1
  MaxDistance: 500
  Pan2D: 0
  rolloffMode: 0
  BypassEffects: 0
  BypassListenerEffects: 0
  BypassReverbZones: 0
  rolloffCustomCurve:
    serializedVersion: 2
    m_Curve:
    - time: 0
      value: 1
      inSlope: 0
      outSlope: 0
      tangentMode: 0
    - time: 1
      value: 0
      inSlope: 0
      outSlope: 0
      tangentMode: 0
    m_PreInfinity: 2
    m_PostInfinity: 2
    m_RotationOrder: 4
  panLevelCustomCurve:
    serializedVersion: 2
    m_Curve:
    - time: 0
      value: 0
      inSlope: 0
      outSlope: 0
      tangentMode: 0
    m_PreInfinity: 2
    m_PostInfinity: 2
    m_RotationOrder: 0
  spreadCustomCurve:
    serializedVersion: 2
    m_Curve:
    - time: 0
      value: 0
      inSlope: 0
      outSlope: 0
      tangentMode: 0
    m_PreInfinity: 2
    m_PostInfinity: 2
    m_RotationOrder: 0
  reverbZoneMixCustomCurve:
    serializedVersion: 2
    m_Curve:
    - time: 0
      value: 1
      inSlope: 0
      outSlope: 0
      tangentMode: 0
    m_PreInfinity: 2
    m_PostInfinity: 2
    m_RotationOrder: 0
--- !u!95 &9538144
Animator:
  serializedVersion: 3
  m_ObjectHideFlags: 1
  m_PrefabParentObject: {fileID: 0}
  m_PrefabInternal: {fileID: 100100000}
  m_GameObject: {fileID: 184556}
  m_Enabled: 1
  m_Avatar: {fileID: 9000000, guid: ab857e807c138f84fb697ef72ac707c4, type: 3}
  m_Controller: {fileID: 9100000, guid: 95019f6ffca58864bb43c38027df31b2, type: 2}
  m_CullingMode: 1
  m_UpdateMode: 0
  m_ApplyRootMotion: 0
  m_LinearVelocityBlending: 0
  m_WarningMessage: 
  m_HasTransformHierarchy: 1
  m_AllowConstantClipSamplingOptimization: 1
--- !u!114 &11402594
MonoBehaviour:
  m_ObjectHideFlags: 1
  m_PrefabParentObject: {fileID: 0}
  m_PrefabInternal: {fileID: 100100000}
  m_GameObject: {fileID: 184556}
  m_Enabled: 1
  m_EditorHideFlags: 0
  m_Script: {fileID: 11500000, guid: d48c917afce917c4b82b2f2372c0f974, type: 3}
  m_Name: 
  m_EditorClassIdentifier: 
  magnitude: 13
--- !u!114 &11407380
MonoBehaviour:
  m_ObjectHideFlags: 1
  m_PrefabParentObject: {fileID: 0}
  m_PrefabInternal: {fileID: 100100000}
  m_GameObject: {fileID: 184556}
  m_Enabled: 1
  m_EditorHideFlags: 0
  m_Script: {fileID: 11500000, guid: 186f72041da084b4e8b0be83f8071a80, type: 3}
  m_Name: 
  m_EditorClassIdentifier: 
  duration: 2
  maxUseCount: 5
  firstDescendSpeed: 1
  lastDescendSpeed: 5
  horizontalSpeed: 0.3
  disableAfterTeleport: 1
  mustResetAimEnabled: 1
  HoldToLevitate: 0
--- !u!114 &11411108
MonoBehaviour:
  m_ObjectHideFlags: 1
  m_PrefabParentObject: {fileID: 0}
  m_PrefabInternal: {fileID: 100100000}
  m_GameObject: {fileID: 184556}
  m_Enabled: 1
  m_EditorHideFlags: 0
  m_Script: {fileID: 11500000, guid: 97bbd9392d4d56c499d7e1c5aa6444a8, type: 3}
  m_Name: 
  m_EditorClassIdentifier: 
--- !u!114 &11422514
MonoBehaviour:
  m_ObjectHideFlags: 1
  m_PrefabParentObject: {fileID: 0}
  m_PrefabInternal: {fileID: 100100000}
  m_GameObject: {fileID: 184556}
  m_Enabled: 1
  m_EditorHideFlags: 0
  m_Script: {fileID: 11500000, guid: 5178a574078c619409325d00c0337924, type: 3}
  m_Name: 
  m_EditorClassIdentifier: 
  maxSpeed: 14
  minSpeed: 13
  acceleration: 10
  airbourneSpeed: 0.7
  airbourneAcceleration: 0.434
--- !u!114 &11430720
MonoBehaviour:
  m_ObjectHideFlags: 1
  m_PrefabParentObject: {fileID: 0}
  m_PrefabInternal: {fileID: 100100000}
  m_GameObject: {fileID: 126746}
  m_Enabled: 1
  m_EditorHideFlags: 0
  m_Script: {fileID: 11500000, guid: 20b0942cd0f610b488f4723756bab529, type: 3}
  m_Name: 
  m_EditorClassIdentifier: 
  throwSpeed: 11
  thrownDuration: 0.6
  thrownEndingDuration: 0.6
  thrownEndingSpeed: 0.5
  thrownEndingBreaking: 5
  returnSpeed: 17
  collisionDetectionDelay: 0.05
  noTeleportationLayer:
    serializedVersion: 2
    m_Bits: 0
  tagForSwappable: TestForSwap
  enableTeleportBeforeSwap: 0
--- !u!114 &11452424
MonoBehaviour:
  m_ObjectHideFlags: 1
  m_PrefabParentObject: {fileID: 0}
  m_PrefabInternal: {fileID: 100100000}
  m_GameObject: {fileID: 184556}
  m_Enabled: 1
  m_EditorHideFlags: 0
  m_Script: {fileID: 11500000, guid: 6f5cce305fb58e44db164d75f2716c62, type: 3}
  m_Name: 
  m_EditorClassIdentifier: 
--- !u!114 &11457794
MonoBehaviour:
  m_ObjectHideFlags: 1
  m_PrefabParentObject: {fileID: 0}
  m_PrefabInternal: {fileID: 100100000}
  m_GameObject: {fileID: 184556}
  m_Enabled: 1
  m_EditorHideFlags: 0
  m_Script: {fileID: 11500000, guid: 29d23161f4a237946bc14c064255865b, type: 3}
  m_Name: 
  m_EditorClassIdentifier: 
  height: 2.8
  duration: 0.5
  curve:
    serializedVersion: 2
    m_Curve:
    - time: 0
      value: 0
      inSlope: 2
      outSlope: 2
      tangentMode: 0
    - time: 1
      value: 1
      inSlope: 0
      outSlope: 0
      tangentMode: 0
    m_PreInfinity: 2
    m_PostInfinity: 2
    m_RotationOrder: 0
  minJumpDuration: 0.1
  preserveVelocity: 0.6
  ceilingAngle: 45
  timeTolerance: 0.2
  pushGround: 1
  currentState: 1
--- !u!114 &11460134
MonoBehaviour:
  m_ObjectHideFlags: 1
  m_PrefabParentObject: {fileID: 0}
  m_PrefabInternal: {fileID: 100100000}
  m_GameObject: {fileID: 184556}
  m_Enabled: 1
  m_EditorHideFlags: 0
  m_Script: {fileID: 11500000, guid: 037513883ee0226498477517e9df357d, type: 3}
  m_Name: 
  m_EditorClassIdentifier: 
  throwFrom: {fileID: 418698}
  stickySoul: {fileID: 11468242}
  bouncySoul: {fileID: 11494130}
  swappySoul: {fileID: 11430720}
  canMoveWhileAiming: 0
  throwCooldownTime: 1.1
--- !u!114 &11461212
MonoBehaviour:
  m_ObjectHideFlags: 1
  m_PrefabParentObject: {fileID: 0}
  m_PrefabInternal: {fileID: 100100000}
  m_GameObject: {fileID: 184556}
  m_Enabled: 1
  m_EditorHideFlags: 0
  m_Script: {fileID: 11500000, guid: b027d735160b9bd4fbcd9dbb34ab6eec, type: 3}
  m_Name: 
  m_EditorClassIdentifier: 
  whatsGround:
    serializedVersion: 2
    m_Bits: 4294951368
  slopeLimit: 45
  size: {x: 0.39, y: 0.33, z: 0.3}
  offset: {x: 0, y: -0.48, z: 0}
--- !u!114 &11468242
MonoBehaviour:
  m_ObjectHideFlags: 1
  m_PrefabParentObject: {fileID: 0}
  m_PrefabInternal: {fileID: 100100000}
  m_GameObject: {fileID: 164060}
  m_Enabled: 1
  m_EditorHideFlags: 0
  m_Script: {fileID: 11500000, guid: 8160acf77badd3f40822c3845e4d6e40, type: 3}
  m_Name: 
  m_EditorClassIdentifier: 
  throwSpeed: 11
  thrownDuration: 0.6
  thrownEndingDuration: 0.6
  thrownEndingSpeed: 0.5
  thrownEndingBreaking: 5
  returnSpeed: 17
  collisionDetectionDelay: 0.05
  noTeleportationLayer:
    serializedVersion: 2
    m_Bits: 65536
  stickTime: 1
  enableTeleportBeforeStuck: 1
--- !u!114 &11469252
MonoBehaviour:
  m_ObjectHideFlags: 1
  m_PrefabParentObject: {fileID: 0}
  m_PrefabInternal: {fileID: 100100000}
  m_GameObject: {fileID: 184556}
  m_Enabled: 1
  m_EditorHideFlags: 0
  m_Script: {fileID: 11500000, guid: 87f0bdb21d1082c4688901aeb41b811c, type: 3}
  m_Name: 
  m_EditorClassIdentifier: 
  maxHealth: 3
  Cooldown: 0.75
  OnTakeDamage:
    m_PersistentCalls:
      m_Calls:
      - m_Target: {fileID: 0}
        m_MethodName: SetTrigger
        m_Mode: 5
        m_Arguments:
          m_ObjectArgument: {fileID: 0}
          m_ObjectArgumentAssemblyTypeName: UnityEngine.Object, UnityEngine
          m_IntArgument: 0
          m_FloatArgument: 0
          m_StringArgument: Damage
          m_BoolArgument: 1
        m_CallState: 2
      - m_Target: {fileID: 0}
        m_MethodName: ShakeTrigger
        m_Mode: 4
        m_Arguments:
          m_ObjectArgument: {fileID: 0}
          m_ObjectArgumentAssemblyTypeName: UnityEngine.Object, UnityEngine
          m_IntArgument: 0
          m_FloatArgument: 0.5
          m_StringArgument: 
          m_BoolArgument: 0
        m_CallState: 2
    m_TypeName: UnityEngine.Events.UnityEvent, UnityEngine, Version=0.0.0.0, Culture=neutral,
      PublicKeyToken=null
  OnDeath:
    m_PersistentCalls:
      m_Calls: []
    m_TypeName: UnityEngine.Events.UnityEvent, UnityEngine, Version=0.0.0.0, Culture=neutral,
      PublicKeyToken=null
  OnRestore:
    m_PersistentCalls:
      m_Calls: []
    m_TypeName: UnityEngine.Events.UnityEvent, UnityEngine, Version=0.0.0.0, Culture=neutral,
      PublicKeyToken=null
  canPlayerDie: 1
  guiFontSize: 48
  Damage: 1
--- !u!114 &11469766
MonoBehaviour:
  m_ObjectHideFlags: 1
  m_PrefabParentObject: {fileID: 0}
  m_PrefabInternal: {fileID: 100100000}
  m_GameObject: {fileID: 184556}
  m_Enabled: 1
  m_EditorHideFlags: 0
  m_Script: {fileID: 11500000, guid: 5178a574078c619409325d00c0337924, type: 3}
  m_Name: 
  m_EditorClassIdentifier: 
  maxSpeed: 5
  minSpeed: 0.5
  acceleration: 10
  airbourneSpeed: 0.7
  airbourneAcceleration: 0.434
--- !u!114 &11474040
MonoBehaviour:
  m_ObjectHideFlags: 1
  m_PrefabParentObject: {fileID: 0}
  m_PrefabInternal: {fileID: 100100000}
  m_GameObject: {fileID: 184556}
  m_Enabled: 1
  m_EditorHideFlags: 0
  m_Script: {fileID: 11500000, guid: e183e200a5df330428853563aa28d9b8, type: 3}
  m_Name: 
  m_EditorClassIdentifier: 
  sharpClip:
  - {fileID: 8300000, guid: c80512c8391d148469f74a5f8517872e, type: 3}
  - {fileID: 8300000, guid: 2a2b8c27f93163a49b20e21cfa6075ed, type: 3}
  - {fileID: 8300000, guid: 7fcd820ca9feac84588416b4d5007a9c, type: 3}
  liquidClip:
  - {fileID: 8300000, guid: b707097dd6822e04ebecc335accad5e3, type: 3}
  projectileClip: []
  jumpClip:
  - name: 
    clip: {fileID: 8300000, guid: 7c0c53691a1a9ad4e9c18c702698ba0d, type: 3}
  landClip:
  - name: Rock
    clip: {fileID: 8300000, guid: 8b92cccb912969a49bd09b46e4818378, type: 3}
  - name: Wood
    clip: {fileID: 8300000, guid: f18eda5daeb2d1f44a03b0d3beef013b, type: 3}
  footstepsClip:
  - name: Rock
    clip: {fileID: 8300000, guid: a7cfdd64a6ed94a49bc626654ec58933, type: 3}
  - name: Rock
    clip: {fileID: 8300000, guid: 6c350b1020940494297a89edfbfa16e7, type: 3}
  - name: Rock
    clip: {fileID: 8300000, guid: 22a47373db652224794e7ace3cf365eb, type: 3}
  - name: Rock
    clip: {fileID: 8300000, guid: 13118bcc2ebf4724084cb411381bd5d2, type: 3}
  - name: Rock
    clip: {fileID: 8300000, guid: 06fe8dca858ea754ea5b549c058e0ffa, type: 3}
  - name: Rock
    clip: {fileID: 8300000, guid: d80dacdaa6f9c694d8698fd74f80c29d, type: 3}
  - name: Rock
    clip: {fileID: 8300000, guid: 0e371dc76b3939643854d203b1135a0d, type: 3}
  - name: Rock
    clip: {fileID: 8300000, guid: d2a2f762065ba674386da1e1e1864ab9, type: 3}
  - name: Rock
    clip: {fileID: 8300000, guid: 0f64555e1b8b6764186193d03b39fdcd, type: 3}
  - name: Rock
    clip: {fileID: 8300000, guid: ff8325c8e441ab541a5a70dac4d25231, type: 3}
  - name: Rock
    clip: {fileID: 8300000, guid: f192f7c608910484e80481604b78701e, type: 3}
  - name: Rock
    clip: {fileID: 8300000, guid: 6563ea92b4afa074a967c5f4c6e416ec, type: 3}
  levitateClip: []
  particles: {fileID: 183364, guid: b55f92cd452baf44b94ed65f28099644, type: 2}
--- !u!114 &11479662
MonoBehaviour:
  m_ObjectHideFlags: 1
  m_PrefabParentObject: {fileID: 0}
  m_PrefabInternal: {fileID: 100100000}
  m_GameObject: {fileID: 184556}
  m_Enabled: 1
  m_EditorHideFlags: 0
  m_Script: {fileID: 11500000, guid: 6e47bbd6c8bac1044b9d703101d02c13, type: 3}
  m_Name: 
  m_EditorClassIdentifier: 
  hangtime: 0.2
--- !u!114 &11494130
MonoBehaviour:
  m_ObjectHideFlags: 1
  m_PrefabParentObject: {fileID: 0}
  m_PrefabInternal: {fileID: 100100000}
  m_GameObject: {fileID: 155776}
  m_Enabled: 1
  m_EditorHideFlags: 0
  m_Script: {fileID: 11500000, guid: ab446cb38560c6d4f8ca7229eb00526c, type: 3}
  m_Name: 
  m_EditorClassIdentifier: 
  throwSpeed: 11
  thrownDuration: 0.3
  thrownEndingDuration: 0.6
  thrownEndingSpeed: 0.5
  thrownEndingBreaking: 5
  returnSpeed: 17
  collisionDetectionDelay: 0.05
  noTeleportationLayer:
    serializedVersion: 2
    m_Bits: 65536
  add: 0.3
  sub: 0.05
  max: 1
  maxLifetime: 3
  enableTeleportBeforeBounce: 1
  regainSpeedOnBounce: 1
--- !u!114 &11496886
MonoBehaviour:
  m_ObjectHideFlags: 1
  m_PrefabParentObject: {fileID: 0}
  m_PrefabInternal: {fileID: 100100000}
  m_GameObject: {fileID: 184556}
  m_Enabled: 1
  m_EditorHideFlags: 0
  m_Script: {fileID: 11500000, guid: 81fa290c04b60cb4cb7007b0255be163, type: 3}
  m_Name: 
  m_EditorClassIdentifier: 
  enableMouseKeyboard: 0
  enableXboxController: 0
  m_inputType: 1
  m_keyboardMoveLeft: 97
  m_keyboardMoveRight: 100
  m_keyboardJump: 32
  m_keyboardSelectsticky: 49
  m_keyboardSelectbouncy: 50
  m_keyboardSelectswap: 51
  m_mouseShoot: 0
  m_mouseTeleport: 2
  m_mouseCancelThrow: 1
  xboxMove: 0
  xboxAim: 1
  xboxJump:
    primary: 5
    secondary: 1
  xboxThrow:
    primary: 6
    secondary: 0
  xboxTeleport:
    primary: 6
    secondary: 0
  xboxCancelThrow:
    primary: 10
    secondary: 12
  xboxSelectSticky:
    primary: 3
    secondary: 15
  xboxSelectBouncy:
    primary: 2
    secondary: 16
  xboxSelectSwappy:
    primary: 4
    secondary: 13
  xboxLeftStickDeadzone: 0.3
  xboxRightStickDeadzone: 0.3
--- !u!135 &13542838
SphereCollider:
  m_ObjectHideFlags: 1
  m_PrefabParentObject: {fileID: 0}
  m_PrefabInternal: {fileID: 100100000}
  m_GameObject: {fileID: 155776}
  m_Material: {fileID: 13400000, guid: 3e16609298ce20e46b95c3d239438e29, type: 2}
  m_IsTrigger: 0
  m_Enabled: 1
  serializedVersion: 2
  m_Radius: 0.5
  m_Center: {x: 0, y: 0, z: 0}
--- !u!135 &13577236
SphereCollider:
  m_ObjectHideFlags: 1
  m_PrefabParentObject: {fileID: 0}
  m_PrefabInternal: {fileID: 100100000}
  m_GameObject: {fileID: 164060}
  m_Material: {fileID: 13400000, guid: 3e16609298ce20e46b95c3d239438e29, type: 2}
  m_IsTrigger: 0
  m_Enabled: 1
  serializedVersion: 2
  m_Radius: 0.5
  m_Center: {x: 0, y: 0, z: 0}
--- !u!135 &13597850
SphereCollider:
  m_ObjectHideFlags: 1
  m_PrefabParentObject: {fileID: 0}
  m_PrefabInternal: {fileID: 100100000}
  m_GameObject: {fileID: 126746}
  m_Material: {fileID: 0}
  m_IsTrigger: 0
  m_Enabled: 1
  serializedVersion: 2
  m_Radius: 0.5
  m_Center: {x: 0, y: 0, z: 0}
--- !u!136 &13631684
CapsuleCollider:
  m_ObjectHideFlags: 1
  m_PrefabParentObject: {fileID: 0}
  m_PrefabInternal: {fileID: 100100000}
  m_GameObject: {fileID: 184556}
  m_Material: {fileID: 13400000, guid: 01a014c8b0bc78443aea490b02b58eec, type: 2}
  m_IsTrigger: 0
  m_Enabled: 1
  m_Radius: 0.25
  m_Height: 1.2
  m_Direction: 1
  m_Center: {x: 0, y: 0, z: 0}
--- !u!136 &13679802
CapsuleCollider:
  m_ObjectHideFlags: 1
  m_PrefabParentObject: {fileID: 0}
  m_PrefabInternal: {fileID: 100100000}
  m_GameObject: {fileID: 184556}
  m_Material: {fileID: 13400000, guid: a8df6e0f1eaa9034aa7c88e6e2dbffb7, type: 2}
  m_IsTrigger: 0
  m_Enabled: 1
  m_Radius: 0.2
  m_Height: 1.2
  m_Direction: 1
  m_Center: {x: 0, y: -0.01, z: 0}
--- !u!137 &13791892
SkinnedMeshRenderer:
  m_ObjectHideFlags: 1
  m_PrefabParentObject: {fileID: 0}
  m_PrefabInternal: {fileID: 100100000}
  m_GameObject: {fileID: 177766}
  m_Enabled: 1
  m_CastShadows: 1
  m_ReceiveShadows: 1
  m_Materials:
  - {fileID: 2100000, guid: 92161ddb9e013a7469ea20d2de8bdf6b, type: 2}
  - {fileID: 2100000, guid: c0e72b0b373f0824a89aaeb34906ba7b, type: 2}
  - {fileID: 2100000, guid: 9b7e3bcc5dac5764890b76ad38467dbd, type: 2}
  m_SubsetIndices: 
  m_StaticBatchRoot: {fileID: 0}
  m_UseLightProbes: 1
  m_ReflectionProbeUsage: 1
  m_ProbeAnchor: {fileID: 0}
  m_ScaleInLightmap: 1
  m_PreserveUVs: 0
  m_IgnoreNormalsForChartDetection: 0
  m_ImportantGI: 0
  m_MinimumChartSize: 4
  m_AutoUVMaxDistance: 0.5
  m_AutoUVMaxAngle: 89
  m_LightmapParameters: {fileID: 0}
  m_SortingLayerID: 0
  m_SortingOrder: 0
  serializedVersion: 2
  m_Quality: 0
  m_UpdateWhenOffscreen: 0
  m_Mesh: {fileID: 4300000, guid: 247e3994c4991c24184b698eacbc12e3, type: 3}
  m_Bones:
  - {fileID: 473262}
  - {fileID: 440632}
  - {fileID: 425486}
  - {fileID: 462632}
  - {fileID: 491802}
  - {fileID: 470172}
  - {fileID: 463702}
  - {fileID: 439594}
  - {fileID: 441394}
  - {fileID: 435574}
  - {fileID: 453004}
  - {fileID: 465074}
  - {fileID: 418696}
  - {fileID: 497382}
  - {fileID: 484912}
  - {fileID: 412632}
  - {fileID: 477014}
  - {fileID: 495652}
  - {fileID: 432920}
  - {fileID: 468578}
  - {fileID: 496866}
  - {fileID: 496196}
  - {fileID: 466206}
  - {fileID: 452340}
  - {fileID: 415414}
  - {fileID: 433768}
  - {fileID: 437338}
  - {fileID: 447274}
  - {fileID: 495718}
  - {fileID: 474414}
  - {fileID: 478952}
  - {fileID: 490080}
  - {fileID: 436472}
  - {fileID: 414000}
  - {fileID: 454466}
  - {fileID: 477950}
  - {fileID: 472214}
  - {fileID: 418698}
  - {fileID: 491992}
  - {fileID: 412028}
  - {fileID: 405776}
  - {fileID: 420206}
  - {fileID: 423422}
  - {fileID: 405514}
  - {fileID: 486396}
  - {fileID: 429684}
  - {fileID: 480460}
  - {fileID: 415284}
  - {fileID: 478820}
  - {fileID: 473472}
  - {fileID: 468662}
  - {fileID: 481842}
  - {fileID: 496520}
  - {fileID: 447138}
  - {fileID: 484636}
  - {fileID: 419184}
  - {fileID: 476790}
  - {fileID: 423158}
  m_BlendShapeWeights: []
  m_RootBone: {fileID: 440632}
  m_AABB:
    m_Center: {x: -0.08662659, y: -0.07819319, z: 0}
    m_Extent: {x: 0.6947434, y: 0.3666798, z: 0.60479385}
  m_DirtyAABB: 0
--- !u!1001 &100100000
Prefab:
  m_ObjectHideFlags: 1
  serializedVersion: 2
  m_Modification:
    m_TransformParent: {fileID: 0}
    m_Modifications: []
    m_RemovedComponents: []
  m_ParentPrefab: {fileID: 0}
  m_RootGameObject: {fileID: 140222}
  m_IsPrefabParent: 1
