%YAML 1.1
%TAG !u! tag:unity3d.com,2011:
--- !u!1 &166010
GameObject:
  m_ObjectHideFlags: 0
  m_PrefabParentObject: {fileID: 0}
  m_PrefabInternal: {fileID: 100100000}
  serializedVersion: 4
  m_Component:
  - 4: {fileID: 438936}
  - 20: {fileID: 2084624}
  - 92: {fileID: 9237430}
  - 124: {fileID: 12480304}
  - 114: {fileID: 11410492}
  - 114: {fileID: 11462928}
  - 114: {fileID: 11482968}
  - 114: {fileID: 11454688}
  - 114: {fileID: 11424158}
  - 114: {fileID: 11489032}
  - 114: {fileID: 11462906}
  - 114: {fileID: 11448674}
  m_Layer: 5
  m_Name: PREF_GameCamera_FX
  m_TagString: MainCamera
  m_Icon: {fileID: 0}
  m_NavMeshLayer: 0
  m_StaticEditorFlags: 0
  m_IsActive: 1
--- !u!1 &173910
GameObject:
  m_ObjectHideFlags: 0
  m_PrefabParentObject: {fileID: 0}
  m_PrefabInternal: {fileID: 100100000}
  serializedVersion: 4
  m_Component:
  - 4: {fileID: 493328}
  - 81: {fileID: 8182898}
  - 82: {fileID: 8235558}
  - 114: {fileID: 11418586}
  - 114: {fileID: 11434470}
  m_Layer: 5
  m_Name: AudioListerner
  m_TagString: Untagged
  m_Icon: {fileID: -964228994112308473, guid: 0000000000000000d000000000000000, type: 0}
  m_NavMeshLayer: 0
  m_StaticEditorFlags: 0
  m_IsActive: 1
--- !u!4 &438936
Transform:
  m_ObjectHideFlags: 1
  m_PrefabParentObject: {fileID: 0}
  m_PrefabInternal: {fileID: 100100000}
  m_GameObject: {fileID: 166010}
  m_LocalRotation: {x: 0.078459114, y: 0, z: 0, w: 0.99691737}
  m_LocalPosition: {x: -308.25, y: 17.25, z: -56.25}
  m_LocalScale: {x: 1, y: 1, z: 1}
  m_Children:
  - {fileID: 493328}
  m_Father: {fileID: 0}
  m_RootOrder: 0
--- !u!4 &493328
Transform:
  m_ObjectHideFlags: 1
  m_PrefabParentObject: {fileID: 0}
  m_PrefabInternal: {fileID: 100100000}
  m_GameObject: {fileID: 173910}
  m_LocalRotation: {x: 0, y: 0, z: 0, w: 1}
  m_LocalPosition: {x: 0, y: 0, z: 89.5}
  m_LocalScale: {x: 1, y: 1, z: 1}
  m_Children: []
  m_Father: {fileID: 438936}
  m_RootOrder: 0
--- !u!20 &2084624
Camera:
  m_ObjectHideFlags: 1
  m_PrefabParentObject: {fileID: 0}
  m_PrefabInternal: {fileID: 100100000}
  m_GameObject: {fileID: 166010}
  m_Enabled: 1
  serializedVersion: 2
  m_ClearFlags: 1
  m_BackGroundColor: {r: 0.19215687, g: 0.3019608, b: 0.4745098, a: 0.019607844}
  m_NormalizedViewPortRect:
    serializedVersion: 2
    x: 0
    y: 0
    width: 1
    height: 1
  near clip plane: 0.3
  far clip plane: 1000
  field of view: 15
  orthographic: 0
  orthographic size: 5
  m_Depth: -1
  m_CullingMask:
    serializedVersion: 2
    m_Bits: 4294967295
  m_RenderingPath: -1
  m_TargetTexture: {fileID: 0}
  m_TargetDisplay: 0
  m_TargetEye: 3
  m_HDR: 1
  m_OcclusionCulling: 1
  m_StereoConvergence: 10
  m_StereoSeparation: 0.022
  m_StereoMirrorMode: 0
--- !u!81 &8182898
AudioListener:
  m_ObjectHideFlags: 1
  m_PrefabParentObject: {fileID: 0}
  m_PrefabInternal: {fileID: 100100000}
  m_GameObject: {fileID: 173910}
  m_Enabled: 1
--- !u!82 &8235558
AudioSource:
  m_ObjectHideFlags: 1
  m_PrefabParentObject: {fileID: 0}
  m_PrefabInternal: {fileID: 100100000}
  m_GameObject: {fileID: 173910}
  m_Enabled: 1
  serializedVersion: 4
  OutputAudioMixerGroup: {fileID: 24387708, guid: df02530988d678d4caa4d8361a0c48d5,
    type: 2}
  m_audioClip: {fileID: 8300000, guid: eacd1990e12bb1f439a1882c16550638, type: 3}
  m_PlayOnAwake: 1
  m_Volume: 1
  m_Pitch: 1
  Loop: 1
  Mute: 0
  Spatialize: 0
  Priority: 128
  DopplerLevel: 1
  MinDistance: 1
  MaxDistance: 500
  Pan2D: 0
  rolloffMode: 0
  BypassEffects: 0
  BypassListenerEffects: 0
  BypassReverbZones: 0
  rolloffCustomCurve:
    serializedVersion: 2
    m_Curve:
    - time: 0
      value: 1
      inSlope: 0
      outSlope: 0
      tangentMode: 0
    - time: 1
      value: 0
      inSlope: 0
      outSlope: 0
      tangentMode: 0
    m_PreInfinity: 2
    m_PostInfinity: 2
    m_RotationOrder: 4
  panLevelCustomCurve:
    serializedVersion: 2
    m_Curve:
    - time: 0
      value: 0
      inSlope: 0
      outSlope: 0
      tangentMode: 0
    m_PreInfinity: 2
    m_PostInfinity: 2
    m_RotationOrder: 0
  spreadCustomCurve:
    serializedVersion: 2
    m_Curve:
    - time: 0
      value: 0
      inSlope: 0
      outSlope: 0
      tangentMode: 0
    m_PreInfinity: 2
    m_PostInfinity: 2
    m_RotationOrder: 0
  reverbZoneMixCustomCurve:
    serializedVersion: 2
    m_Curve:
    - time: 0
      value: 1
      inSlope: 0
      outSlope: 0
      tangentMode: 0
    m_PreInfinity: 2
    m_PostInfinity: 2
    m_RotationOrder: 0
--- !u!92 &9237430
Behaviour:
  m_ObjectHideFlags: 1
  m_PrefabParentObject: {fileID: 0}
  m_PrefabInternal: {fileID: 100100000}
  m_GameObject: {fileID: 166010}
  m_Enabled: 1
--- !u!114 &11410492
MonoBehaviour:
  m_ObjectHideFlags: 1
  m_PrefabParentObject: {fileID: 0}
  m_PrefabInternal: {fileID: 100100000}
  m_GameObject: {fileID: 166010}
  m_Enabled: 0
  m_EditorHideFlags: 0
  m_Script: {fileID: 11500000, guid: 22825a5b332706849a646ae1260041c0, type: 3}
  m_Name: 
  m_EditorClassIdentifier: 
  audioListener: {fileID: 0}
  speed: 2.5
  offset: {x: 2.5, y: 12.5, z: -55}
  ahead: {x: 0.7, y: 0.1}
  projectileFocus: 0.5
  zoomingOutOnThrow: 0
--- !u!114 &11418586
MonoBehaviour:
  m_ObjectHideFlags: 1
  m_PrefabParentObject: {fileID: 0}
  m_PrefabInternal: {fileID: 100100000}
  m_GameObject: {fileID: 173910}
  m_Enabled: 1
  m_EditorHideFlags: 0
  m_Script: {fileID: 11500000, guid: a4b3f5da44f10ed4b881b3b9e8f1524f, type: 3}
  m_Name: 
  m_EditorClassIdentifier: 
  position:
    x: 0
    y: 0
    z: 1
  rotation:
    x: 0
    y: 0
    z: 0
--- !u!114 &11424158
MonoBehaviour:
  m_ObjectHideFlags: 1
  m_PrefabParentObject: {fileID: 0}
  m_PrefabInternal: {fileID: 100100000}
  m_GameObject: {fileID: 166010}
  m_Enabled: 1
  m_EditorHideFlags: 0
  m_Script: {fileID: 11500000, guid: 8cde8c0fd649d9b46bb403ba5e157391, type: 3}
  m_Name: 
  m_EditorClassIdentifier: 
  shader: {fileID: 4800000, guid: b61f0d8d8244b4b28aa66b0c8cb46a8d, type: 3}
  converted3DLut: {fileID: 0}
  basedOnTempTex: 
--- !u!114 &11434470
MonoBehaviour:
  m_ObjectHideFlags: 1
  m_PrefabParentObject: {fileID: 0}
  m_PrefabInternal: {fileID: 100100000}
  m_GameObject: {fileID: 173910}
  m_Enabled: 1
  m_EditorHideFlags: 0
  m_Script: {fileID: 11500000, guid: 84cd2440c4b16b943a596955c82cca96, type: 3}
  m_Name: 
  m_EditorClassIdentifier: 
  ambienceClips:
  - name: Outside
    clip: {fileID: 8300000, guid: eacd1990e12bb1f439a1882c16550638, type: 3}
  - name: Inside
    clip: {fileID: 8300000, guid: 977ee1f6ebb5aed42906f592af0799dc, type: 3}
  - name: Water
    clip: {fileID: 8300000, guid: 5bcb0dedf8f812f4986ed6cbcda5c380, type: 3}
  fadeSpeed: 1
--- !u!114 &11448674
MonoBehaviour:
  m_ObjectHideFlags: 1
  m_PrefabParentObject: {fileID: 0}
  m_PrefabInternal: {fileID: 100100000}
  m_GameObject: {fileID: 166010}
  m_Enabled: 1
  m_EditorHideFlags: 0
  m_Script: {fileID: 11500000, guid: 62a797e096af9624e8376125fad113ac, type: 3}
  m_Name: 
  m_EditorClassIdentifier: 
  m_debugger:
    m_inputkeyToTest: 101
    m_inputKeyToStop: 116
    m_offsetRange: 1.15
    m_shakeTime: 1.06
    m_shakeSpeed: 50.12
    m_timeScale: 1
    m_smoothSpeed: 1
    m_smoothRange: 1
  m_freezeZAxis: 0
  m_freezeYAxis: 0
  m_freezeXAxis: 0
--- !u!114 &11454688
MonoBehaviour:
  m_ObjectHideFlags: 1
  m_PrefabParentObject: {fileID: 0}
  m_PrefabInternal: {fileID: 100100000}
  m_GameObject: {fileID: 166010}
  m_Enabled: 1
  m_EditorHideFlags: 0
  m_Script: {fileID: 11500000, guid: 02536f33053638549ab5c50ff3ecc0de, type: 3}
  m_Name: 
  m_EditorClassIdentifier: 
  tweakMode: 0
  screenBlendMode: 0
  hdr: 0
  sepBlurSpread: 2.72
  useSrcAlphaAsMask: 0
  bloomIntensity: 0.99
  bloomThreshold: 1.14
  bloomBlurIterations: 3
  lensflares: 0
  hollywoodFlareBlurIterations: 2
  lensflareMode: 1
  hollyStretchWidth: 3.5
  lensflareIntensity: 1
  lensflareThreshold: 0.3
  flareColorA: {r: 0.4, g: 0.4, b: 0.8, a: 0.75}
  flareColorB: {r: 0.4, g: 0.8, b: 0.8, a: 0.75}
  flareColorC: {r: 0.8, g: 0.4, b: 0.8, a: 0.75}
  flareColorD: {r: 0.8, g: 0.4, b: 0, a: 0.75}
  lensFlareVignetteMask: {fileID: 2800000, guid: 95ef4804fe0be4c999ddaa383536cde8,
    type: 3}
  lensFlareShader: {fileID: 4800000, guid: 459fe69d2f6d74ddb92f04dbf45a866b, type: 3}
  vignetteShader: {fileID: 4800000, guid: 627943dc7a9a74286b70a4f694a0acd5, type: 3}
  separableBlurShader: {fileID: 4800000, guid: a9df009a214e24a5ebbf271595f8d5b6, type: 3}
  addBrightStuffOneOneShader: {fileID: 4800000, guid: f7898d203e9b94c0dbe2bf9dd5cb32c0,
    type: 3}
  screenBlendShader: {fileID: 4800000, guid: 53b3960ee3d3d4a5caa8d5473d120187, type: 3}
  hollywoodFlaresShader: {fileID: 4800000, guid: e2baf3cae8edc4daf94c9adc2154be00,
    type: 3}
  brightPassFilterShader: {fileID: 4800000, guid: 186c4c0d31e314f049595dcbaf4ca129,
    type: 3}
--- !u!114 &11462906
MonoBehaviour:
  m_ObjectHideFlags: 1
  m_PrefabParentObject: {fileID: 0}
  m_PrefabInternal: {fileID: 100100000}
  m_GameObject: {fileID: 166010}
  m_Enabled: 1
  m_EditorHideFlags: 0
  m_Script: {fileID: 11500000, guid: 7e016711be885b44c8ec860ed9542f23, type: 3}
  m_Name: 
  m_EditorClassIdentifier: 
  cameraPosition: {x: 0, y: 0, z: 0}
  cameraRotation: {x: 0, y: 0, z: 0, w: 0}
  cameraFOV: 0
  xPositionOpacity: 1
  yPositionOpacity: 1
  zPositionOpacity: 1
  rotationOpacity: 1
  fovOpacity: 1
  smoothness: 1
  offset: {x: 0, y: 1, z: 0}
  tilt: 10
  fov: 15
  soulFocus: {x: 1, y: 0}
  easeOnTeleportSmoothness: 3
  easeOnTeleportTime: 1
  aimDistance: {x: 1, y: 1}
  ahead: {x: 1, y: 1}
  throwZoomOut: {x: 1, y: 1}
--- !u!114 &11462928
MonoBehaviour:
  m_ObjectHideFlags: 1
  m_PrefabParentObject: {fileID: 0}
  m_PrefabInternal: {fileID: 100100000}
  m_GameObject: {fileID: 166010}
  m_Enabled: 1
  m_EditorHideFlags: 0
  m_Script: {fileID: 11500000, guid: 62a797e096af9624e8376125fad113ac, type: 3}
  m_Name: 
  m_EditorClassIdentifier: 
  m_debugger:
    m_inputkeyToTest: 0
    m_inputKeyToStop: 0
    m_offsetRange: 1
    m_shakeTime: 1
    m_shakeSpeed: 50
    m_timeScale: 1
    m_smoothSpeed: 1
    m_smoothRange: 1
  m_freezeZAxis: 0
  m_freezeYAxis: 0
  m_freezeXAxis: 0
--- !u!114 &11482968
MonoBehaviour:
  m_ObjectHideFlags: 1
  m_PrefabParentObject: {fileID: 0}
  m_PrefabInternal: {fileID: 100100000}
  m_GameObject: {fileID: 166010}
  m_Enabled: 1
  m_EditorHideFlags: 0
  m_Script: {fileID: 11500000, guid: 76b5ec6153a1d55438228df10fe66844, type: 3}
  m_Name: 
  m_EditorClassIdentifier: 
  distanceFog: 1
  excludeFarPixels: 1
  useRadialDistance: 0
  heightFog: 0
  height: 1
  heightDensity: 2
  startDistance: 0
  fogShader: {fileID: 4800000, guid: 70d8568987ac0499f952b54c7c13e265, type: 3}
--- !u!114 &11489032
MonoBehaviour:
  m_ObjectHideFlags: 1
  m_PrefabParentObject: {fileID: 0}
  m_PrefabInternal: {fileID: 100100000}
  m_GameObject: {fileID: 166010}
  m_Enabled: 1
  m_EditorHideFlags: 0
  m_Script: {fileID: 11500000, guid: dd6d4281e5d7cd44d8c6e38bc2c1b8d8, type: 3}
  m_Name: 
  m_EditorClassIdentifier: 
  mode: 0
  intensity: 0.168
  chromaticAberration: 0.1
  axialAberration: 0
  blur: 0
  blurSpread: 0
  luminanceDependency: 0.25
  blurDistance: 2.5
  vignetteShader: {fileID: 4800000, guid: 627943dc7a9a74286b70a4f694a0acd5, type: 3}
  separableBlurShader: {fileID: 4800000, guid: e97c14fbb5ea04c3a902cc533d7fc5d1, type: 3}
  chromAberrationShader: {fileID: 4800000, guid: 2b4f29398d9484ccfa9fd220449f5eee,
    type: 3}
--- !u!124 &12480304
Behaviour:
  m_ObjectHideFlags: 1
  m_PrefabParentObject: {fileID: 0}
  m_PrefabInternal: {fileID: 100100000}
  m_GameObject: {fileID: 166010}
  m_Enabled: 1
--- !u!1001 &100100000
Prefab:
  m_ObjectHideFlags: 1
  serializedVersion: 2
  m_Modification:
    m_TransformParent: {fileID: 0}
    m_Modifications:
    - target: {fileID: 0}
      propertyPath: m_Enabled
      value: 1
      objectReference: {fileID: 0}
    m_RemovedComponents: []
  m_ParentPrefab: {fileID: 0}
  m_RootGameObject: {fileID: 166010}
  m_IsPrefabParent: 1
