%YAML 1.1
%TAG !u! tag:unity3d.com,2011:
--- !u!1 &101166
GameObject:
  m_ObjectHideFlags: 1
  m_PrefabParentObject: {fileID: 0}
  m_PrefabInternal: {fileID: 100100000}
  serializedVersion: 4
  m_Component:
  - 4: {fileID: 495558}
  m_Layer: 16
  m_Name: Character_Ctrl:LeftHand
  m_TagString: Untagged
  m_Icon: {fileID: 0}
  m_NavMeshLayer: 0
  m_StaticEditorFlags: 0
  m_IsActive: 1
--- !u!1 &101720
GameObject:
  m_ObjectHideFlags: 1
  m_PrefabParentObject: {fileID: 0}
  m_PrefabInternal: {fileID: 100100000}
  serializedVersion: 4
  m_Component:
  - 4: {fileID: 490508}
  m_Layer: 16
  m_Name: Character_Ctrl:LeftHipEffector
  m_TagString: Untagged
  m_Icon: {fileID: 0}
  m_NavMeshLayer: 0
  m_StaticEditorFlags: 0
  m_IsActive: 1
--- !u!1 &102990
GameObject:
  m_ObjectHideFlags: 1
  m_PrefabParentObject: {fileID: 0}
  m_PrefabInternal: {fileID: 100100000}
  serializedVersion: 4
  m_Component:
  - 4: {fileID: 496858}
  - 137: {fileID: 13744326}
  m_Layer: 16
  m_Name: Shooter_Body
  m_TagString: Untagged
  m_Icon: {fileID: 0}
  m_NavMeshLayer: 0
  m_StaticEditorFlags: 0
  m_IsActive: 1
--- !u!1 &104494
GameObject:
  m_ObjectHideFlags: 1
  m_PrefabParentObject: {fileID: 0}
  m_PrefabInternal: {fileID: 100100000}
  serializedVersion: 4
  m_Component:
  - 4: {fileID: 413904}
  m_Layer: 16
  m_Name: Character_Ctrl:LeftWristEffector
  m_TagString: Untagged
  m_Icon: {fileID: 0}
  m_NavMeshLayer: 0
  m_StaticEditorFlags: 0
  m_IsActive: 1
--- !u!1 &110574
GameObject:
  m_ObjectHideFlags: 1
  m_PrefabParentObject: {fileID: 0}
  m_PrefabInternal: {fileID: 100100000}
  serializedVersion: 4
  m_Component:
  - 4: {fileID: 401306}
  m_Layer: 16
  m_Name: Character_Ctrl:HipsEffector
  m_TagString: Untagged
  m_Icon: {fileID: 0}
  m_NavMeshLayer: 0
  m_StaticEditorFlags: 0
  m_IsActive: 1
--- !u!1 &112630
GameObject:
  m_ObjectHideFlags: 1
  m_PrefabParentObject: {fileID: 0}
  m_PrefabInternal: {fileID: 100100000}
  serializedVersion: 4
  m_Component:
  - 4: {fileID: 451618}
  m_Layer: 16
  m_Name: Character_Ctrl:RightUpLeg
  m_TagString: Untagged
  m_Icon: {fileID: 0}
  m_NavMeshLayer: 0
  m_StaticEditorFlags: 0
  m_IsActive: 1
--- !u!1 &114074
GameObject:
  m_ObjectHideFlags: 1
  m_PrefabParentObject: {fileID: 0}
  m_PrefabInternal: {fileID: 100100000}
  serializedVersion: 4
  m_Component:
  - 4: {fileID: 404144}
  m_Layer: 16
  m_Name: Base HumanSpine
  m_TagString: Untagged
  m_Icon: {fileID: 0}
  m_NavMeshLayer: 0
  m_StaticEditorFlags: 0
  m_IsActive: 1
--- !u!1 &116002
GameObject:
  m_ObjectHideFlags: 1
  m_PrefabParentObject: {fileID: 0}
  m_PrefabInternal: {fileID: 100100000}
  serializedVersion: 4
  m_Component:
  - 4: {fileID: 404766}
  m_Layer: 16
  m_Name: Character_Ctrl:LeftLeg
  m_TagString: Untagged
  m_Icon: {fileID: 0}
  m_NavMeshLayer: 0
  m_StaticEditorFlags: 0
  m_IsActive: 1
--- !u!1 &116662
GameObject:
  m_ObjectHideFlags: 1
  m_PrefabParentObject: {fileID: 0}
  m_PrefabInternal: {fileID: 100100000}
  serializedVersion: 4
  m_Component:
  - 4: {fileID: 406618}
  m_Layer: 16
  m_Name: Base HumanPelvis
  m_TagString: Untagged
  m_Icon: {fileID: 0}
  m_NavMeshLayer: 0
  m_StaticEditorFlags: 0
  m_IsActive: 1
--- !u!1 &122706
GameObject:
  m_ObjectHideFlags: 1
  m_PrefabParentObject: {fileID: 0}
  m_PrefabInternal: {fileID: 100100000}
  serializedVersion: 4
  m_Component:
  - 4: {fileID: 427428}
  m_Layer: 16
  m_Name: Character_Ctrl:RightFoot
  m_TagString: Untagged
  m_Icon: {fileID: 0}
  m_NavMeshLayer: 0
  m_StaticEditorFlags: 0
  m_IsActive: 1
--- !u!1 &126706
GameObject:
  m_ObjectHideFlags: 1
  m_PrefabParentObject: {fileID: 0}
  m_PrefabInternal: {fileID: 100100000}
  serializedVersion: 4
  m_Component:
  - 4: {fileID: 440696}
  m_Layer: 16
  m_Name: Base HumanLLegAnkle
  m_TagString: Untagged
  m_Icon: {fileID: 0}
  m_NavMeshLayer: 0
  m_StaticEditorFlags: 0
  m_IsActive: 1
--- !u!1 &128126
GameObject:
  m_ObjectHideFlags: 1
  m_PrefabParentObject: {fileID: 0}
  m_PrefabInternal: {fileID: 100100000}
  serializedVersion: 4
  m_Component:
  - 4: {fileID: 443506}
  m_Layer: 16
  m_Name: Character_Ctrl:ChestOriginEffector
  m_TagString: Untagged
  m_Icon: {fileID: 0}
  m_NavMeshLayer: 0
  m_StaticEditorFlags: 0
  m_IsActive: 1
--- !u!1 &129176
GameObject:
  m_ObjectHideFlags: 1
  m_PrefabParentObject: {fileID: 0}
  m_PrefabInternal: {fileID: 100100000}
  serializedVersion: 4
  m_Component:
  - 4: {fileID: 486800}
  m_Layer: 16
  m_Name: Character_Ctrl:RightAnkleEffector
  m_TagString: Untagged
  m_Icon: {fileID: 0}
  m_NavMeshLayer: 0
  m_StaticEditorFlags: 0
  m_IsActive: 1
--- !u!1 &131722
GameObject:
  m_ObjectHideFlags: 1
  m_PrefabParentObject: {fileID: 0}
  m_PrefabInternal: {fileID: 100100000}
  serializedVersion: 4
  m_Component:
  - 4: {fileID: 478488}
  m_Layer: 16
  m_Name: Character_Ctrl:RightArm
  m_TagString: Untagged
  m_Icon: {fileID: 0}
  m_NavMeshLayer: 0
  m_StaticEditorFlags: 0
  m_IsActive: 1
--- !u!1 &132866
GameObject:
  m_ObjectHideFlags: 1
  m_PrefabParentObject: {fileID: 0}
  m_PrefabInternal: {fileID: 100100000}
  serializedVersion: 4
  m_Component:
  - 4: {fileID: 458134}
  - 137: {fileID: 13799810}
  m_Layer: 16
  m_Name: Shooter_Arms
  m_TagString: Untagged
  m_Icon: {fileID: 0}
  m_NavMeshLayer: 0
  m_StaticEditorFlags: 0
  m_IsActive: 1
--- !u!1 &134908
GameObject:
  m_ObjectHideFlags: 1
  m_PrefabParentObject: {fileID: 0}
  m_PrefabInternal: {fileID: 100100000}
  serializedVersion: 4
  m_Component:
  - 4: {fileID: 451122}
  m_Layer: 16
  m_Name: Character_Ctrl:Reference
  m_TagString: Untagged
  m_Icon: {fileID: 0}
  m_NavMeshLayer: 0
  m_StaticEditorFlags: 0
  m_IsActive: 1
--- !u!1 &134932
GameObject:
  m_ObjectHideFlags: 1
  m_PrefabParentObject: {fileID: 0}
  m_PrefabInternal: {fileID: 100100000}
  serializedVersion: 4
  m_Component:
  - 4: {fileID: 449656}
  m_Layer: 16
  m_Name: Base HumanRFoot
  m_TagString: Untagged
  m_Icon: {fileID: 0}
  m_NavMeshLayer: 0
  m_StaticEditorFlags: 0
  m_IsActive: 1
--- !u!1 &135236
GameObject:
  m_ObjectHideFlags: 1
  m_PrefabParentObject: {fileID: 0}
  m_PrefabInternal: {fileID: 100100000}
  serializedVersion: 4
  m_Component:
  - 4: {fileID: 495220}
  m_Layer: 16
  m_Name: Character_Ctrl:RightForeArm
  m_TagString: Untagged
  m_Icon: {fileID: 0}
  m_NavMeshLayer: 0
  m_StaticEditorFlags: 0
  m_IsActive: 1
--- !u!1 &135930
GameObject:
  m_ObjectHideFlags: 1
  m_PrefabParentObject: {fileID: 0}
  m_PrefabInternal: {fileID: 100100000}
  serializedVersion: 4
  m_Component:
  - 4: {fileID: 493154}
  m_Layer: 16
  m_Name: Character_Ctrl:RightShoulderEffector
  m_TagString: Untagged
  m_Icon: {fileID: 0}
  m_NavMeshLayer: 0
  m_StaticEditorFlags: 0
  m_IsActive: 1
--- !u!1 &136554
GameObject:
  m_ObjectHideFlags: 1
  m_PrefabParentObject: {fileID: 0}
  m_PrefabInternal: {fileID: 100100000}
  serializedVersion: 4
  m_Component:
  - 4: {fileID: 440828}
  m_Layer: 16
  m_Name: Character_Ctrl:LeftUpLeg
  m_TagString: Untagged
  m_Icon: {fileID: 0}
  m_NavMeshLayer: 0
  m_StaticEditorFlags: 0
  m_IsActive: 1
--- !u!1 &140558
GameObject:
  m_ObjectHideFlags: 1
  m_PrefabParentObject: {fileID: 0}
  m_PrefabInternal: {fileID: 100100000}
  serializedVersion: 4
  m_Component:
  - 4: {fileID: 451008}
  m_Layer: 16
  m_Name: Character_Ctrl:Spine
  m_TagString: Untagged
  m_Icon: {fileID: 0}
  m_NavMeshLayer: 0
  m_StaticEditorFlags: 0
  m_IsActive: 1
--- !u!1 &141166
GameObject:
  m_ObjectHideFlags: 1
  m_PrefabParentObject: {fileID: 0}
  m_PrefabInternal: {fileID: 100100000}
  serializedVersion: 4
  m_Component:
  - 4: {fileID: 477744}
  m_Layer: 16
  m_Name: Character_Ctrl:Head
  m_TagString: Untagged
  m_Icon: {fileID: 0}
  m_NavMeshLayer: 0
  m_StaticEditorFlags: 0
  m_IsActive: 1
--- !u!1 &141552
GameObject:
  m_ObjectHideFlags: 1
  m_PrefabParentObject: {fileID: 0}
  m_PrefabInternal: {fileID: 100100000}
  serializedVersion: 4
  m_Component:
  - 4: {fileID: 423146}
  m_Layer: 16
  m_Name: Character_Ctrl:LeftKneeEffector
  m_TagString: Untagged
  m_Icon: {fileID: 0}
  m_NavMeshLayer: 0
  m_StaticEditorFlags: 0
  m_IsActive: 1
--- !u!1 &143350
GameObject:
  m_ObjectHideFlags: 1
  m_PrefabParentObject: {fileID: 0}
  m_PrefabInternal: {fileID: 100100000}
  serializedVersion: 4
  m_Component:
  - 4: {fileID: 462098}
  m_Layer: 16
  m_Name: Character_Ctrl:LeftShoulderEffector
  m_TagString: Untagged
  m_Icon: {fileID: 0}
  m_NavMeshLayer: 0
  m_StaticEditorFlags: 0
  m_IsActive: 1
--- !u!1 &144630
GameObject:
  m_ObjectHideFlags: 1
  m_PrefabParentObject: {fileID: 0}
  m_PrefabInternal: {fileID: 100100000}
  serializedVersion: 4
  m_Component:
  - 4: {fileID: 458356}
  m_Layer: 16
  m_Name: Character_Ctrl:Hips
  m_TagString: Untagged
  m_Icon: {fileID: 0}
  m_NavMeshLayer: 0
  m_StaticEditorFlags: 0
  m_IsActive: 1
--- !u!1 &145204
GameObject:
  m_ObjectHideFlags: 1
  m_PrefabParentObject: {fileID: 0}
  m_PrefabInternal: {fileID: 100100000}
  serializedVersion: 4
  m_Component:
  - 4: {fileID: 486080}
  m_Layer: 16
  m_Name: Base HumanLLeg2
  m_TagString: Untagged
  m_Icon: {fileID: 0}
  m_NavMeshLayer: 0
  m_StaticEditorFlags: 0
  m_IsActive: 1
--- !u!1 &145468
GameObject:
  m_ObjectHideFlags: 1
  m_PrefabParentObject: {fileID: 0}
  m_PrefabInternal: {fileID: 100100000}
  serializedVersion: 4
  m_Component:
  - 4: {fileID: 409500}
  m_Layer: 16
  m_Name: Base HumanRLeg2
  m_TagString: Untagged
  m_Icon: {fileID: 0}
  m_NavMeshLayer: 0
  m_StaticEditorFlags: 0
  m_IsActive: 1
--- !u!1 &146550
GameObject:
  m_ObjectHideFlags: 1
  m_PrefabParentObject: {fileID: 0}
  m_PrefabInternal: {fileID: 100100000}
  serializedVersion: 4
  m_Component:
  - 4: {fileID: 495262}
  m_Layer: 16
  m_Name: Character_Ctrl:RightLeg
  m_TagString: Untagged
  m_Icon: {fileID: 0}
  m_NavMeshLayer: 0
  m_StaticEditorFlags: 0
  m_IsActive: 1
--- !u!1 &147212
GameObject:
  m_ObjectHideFlags: 1
  m_PrefabParentObject: {fileID: 0}
  m_PrefabInternal: {fileID: 100100000}
  serializedVersion: 4
  m_Component:
  - 4: {fileID: 466318}
  m_Layer: 16
  m_Name: Base HumanLCalf
  m_TagString: Untagged
  m_Icon: {fileID: 0}
  m_NavMeshLayer: 0
  m_StaticEditorFlags: 0
  m_IsActive: 1
--- !u!1 &148846
GameObject:
  m_ObjectHideFlags: 1
  m_PrefabParentObject: {fileID: 0}
  m_PrefabInternal: {fileID: 100100000}
  serializedVersion: 4
  m_Component:
  - 4: {fileID: 482910}
  m_Layer: 16
  m_Name: Character_Ctrl:RightHipEffector
  m_TagString: Untagged
  m_Icon: {fileID: 0}
  m_NavMeshLayer: 0
  m_StaticEditorFlags: 0
  m_IsActive: 1
--- !u!1 &156016
GameObject:
  m_ObjectHideFlags: 1
  m_PrefabParentObject: {fileID: 0}
  m_PrefabInternal: {fileID: 100100000}
  serializedVersion: 4
  m_Component:
  - 4: {fileID: 496088}
  m_Layer: 16
  m_Name: Base HumanRThigh
  m_TagString: Untagged
  m_Icon: {fileID: 0}
  m_NavMeshLayer: 0
  m_StaticEditorFlags: 0
  m_IsActive: 1
--- !u!1 &156290
GameObject:
  m_ObjectHideFlags: 1
  m_PrefabParentObject: {fileID: 0}
  m_PrefabInternal: {fileID: 100100000}
  serializedVersion: 4
  m_Component:
  - 4: {fileID: 436582}
  m_Layer: 16
  m_Name: Character_Ctrl:LeftElbowEffector
  m_TagString: Untagged
  m_Icon: {fileID: 0}
  m_NavMeshLayer: 0
  m_StaticEditorFlags: 0
  m_IsActive: 1
--- !u!1 &161592
GameObject:
  m_ObjectHideFlags: 1
  m_PrefabParentObject: {fileID: 0}
  m_PrefabInternal: {fileID: 100100000}
  serializedVersion: 4
  m_Component:
  - 4: {fileID: 421160}
  m_Layer: 16
  m_Name: Character_Ctrl:HeadEffector
  m_TagString: Untagged
  m_Icon: {fileID: 0}
  m_NavMeshLayer: 0
  m_StaticEditorFlags: 0
  m_IsActive: 1
--- !u!1 &163558
GameObject:
  m_ObjectHideFlags: 1
  m_PrefabParentObject: {fileID: 0}
  m_PrefabInternal: {fileID: 100100000}
  serializedVersion: 4
  m_Component:
  - 4: {fileID: 478482}
  m_Layer: 16
  m_Name: Base HumanRCalf
  m_TagString: Untagged
  m_Icon: {fileID: 0}
  m_NavMeshLayer: 0
  m_StaticEditorFlags: 0
  m_IsActive: 1
--- !u!1 &163824
GameObject:
  m_ObjectHideFlags: 0
  m_PrefabParentObject: {fileID: 0}
  m_PrefabInternal: {fileID: 100100000}
  serializedVersion: 4
  m_Component:
  - 4: {fileID: 471254}
  m_Layer: 16
  m_Name: PREF_Shooter
  m_TagString: Untagged
  m_Icon: {fileID: 0}
  m_NavMeshLayer: 0
  m_StaticEditorFlags: 0
  m_IsActive: 1
--- !u!1 &164334
GameObject:
  m_ObjectHideFlags: 1
  m_PrefabParentObject: {fileID: 0}
  m_PrefabInternal: {fileID: 100100000}
  serializedVersion: 4
  m_Component:
  - 4: {fileID: 475252}
  m_Layer: 16
  m_Name: Base HumanRLeg1
  m_TagString: Untagged
  m_Icon: {fileID: 0}
  m_NavMeshLayer: 0
  m_StaticEditorFlags: 0
  m_IsActive: 1
--- !u!1 &166092
GameObject:
  m_ObjectHideFlags: 1
  m_PrefabParentObject: {fileID: 0}
  m_PrefabInternal: {fileID: 100100000}
  serializedVersion: 4
  m_Component:
  - 4: {fileID: 449482}
  m_Layer: 16
  m_Name: Character_Ctrl:LeftForeArm
  m_TagString: Untagged
  m_Icon: {fileID: 0}
  m_NavMeshLayer: 0
  m_StaticEditorFlags: 0
  m_IsActive: 1
--- !u!1 &167218
GameObject:
  m_ObjectHideFlags: 1
  m_PrefabParentObject: {fileID: 0}
  m_PrefabInternal: {fileID: 100100000}
  serializedVersion: 4
  m_Component:
  - 4: {fileID: 493522}
  - 33: {fileID: 3305298}
  - 135: {fileID: 13575524}
  - 23: {fileID: 2376904}
  - 114: {fileID: 11479798}
  m_Layer: 0
  m_Name: Projectile
  m_TagString: Untagged
  m_Icon: {fileID: 0}
  m_NavMeshLayer: 0
  m_StaticEditorFlags: 0
  m_IsActive: 0
--- !u!1 &167712
GameObject:
  m_ObjectHideFlags: 1
  m_PrefabParentObject: {fileID: 0}
  m_PrefabInternal: {fileID: 100100000}
  serializedVersion: 4
  m_Component:
  - 4: {fileID: 495268}
  m_Layer: 16
  m_Name: Character_Ctrl:RightKneeEffector
  m_TagString: Untagged
  m_Icon: {fileID: 0}
  m_NavMeshLayer: 0
  m_StaticEditorFlags: 0
  m_IsActive: 1
--- !u!1 &171810
GameObject:
  m_ObjectHideFlags: 1
  m_PrefabParentObject: {fileID: 0}
  m_PrefabInternal: {fileID: 100100000}
  serializedVersion: 4
  m_Component:
  - 4: {fileID: 495272}
  m_Layer: 16
  m_Name: Character_Ctrl:RightHand
  m_TagString: Untagged
  m_Icon: {fileID: 0}
  m_NavMeshLayer: 0
  m_StaticEditorFlags: 0
  m_IsActive: 1
--- !u!1 &173194
GameObject:
  m_ObjectHideFlags: 1
  m_PrefabParentObject: {fileID: 0}
  m_PrefabInternal: {fileID: 100100000}
  serializedVersion: 4
  m_Component:
  - 4: {fileID: 434778}
  m_Layer: 16
  m_Name: Character_Ctrl:LeftFoot
  m_TagString: Untagged
  m_Icon: {fileID: 0}
  m_NavMeshLayer: 0
  m_StaticEditorFlags: 0
  m_IsActive: 1
--- !u!1 &173572
GameObject:
  m_ObjectHideFlags: 1
  m_PrefabParentObject: {fileID: 0}
  m_PrefabInternal: {fileID: 100100000}
  serializedVersion: 4
  m_Component:
  - 4: {fileID: 412772}
  m_Layer: 16
  m_Name: Character_Ctrl:ChestEndEffector
  m_TagString: Untagged
  m_Icon: {fileID: 0}
  m_NavMeshLayer: 0
  m_StaticEditorFlags: 0
  m_IsActive: 1
--- !u!1 &173792
GameObject:
  m_ObjectHideFlags: 0
  m_PrefabParentObject: {fileID: 0}
  m_PrefabInternal: {fileID: 100100000}
  serializedVersion: 4
  m_Component:
  - 4: {fileID: 416668}
  - 95: {fileID: 9524880}
  - 135: {fileID: 13566104}
  - 114: {fileID: 11483298}
  - 54: {fileID: 5444510}
  m_Layer: 16
  m_Name: Shooter_Anim
  m_TagString: Untagged
  m_Icon: {fileID: 0}
  m_NavMeshLayer: 0
  m_StaticEditorFlags: 0
  m_IsActive: 1
--- !u!1 &176262
GameObject:
  m_ObjectHideFlags: 1
  m_PrefabParentObject: {fileID: 0}
  m_PrefabInternal: {fileID: 100100000}
  serializedVersion: 4
  m_Component:
  - 4: {fileID: 428168}
  - 64: {fileID: 6403506}
  m_Layer: 16
  m_Name: Base HumanRibcage
  m_TagString: Untagged
  m_Icon: {fileID: 0}
  m_NavMeshLayer: 0
  m_StaticEditorFlags: 0
  m_IsActive: 1
--- !u!1 &179886
GameObject:
  m_ObjectHideFlags: 1
  m_PrefabParentObject: {fileID: 0}
  m_PrefabInternal: {fileID: 100100000}
  serializedVersion: 4
  m_Component:
  - 4: {fileID: 405468}
  m_Layer: 16
  m_Name: Character_Ctrl:LeftAnkleEffector
  m_TagString: Untagged
  m_Icon: {fileID: 0}
  m_NavMeshLayer: 0
  m_StaticEditorFlags: 0
  m_IsActive: 1
--- !u!1 &184098
GameObject:
  m_ObjectHideFlags: 1
  m_PrefabParentObject: {fileID: 0}
  m_PrefabInternal: {fileID: 100100000}
  serializedVersion: 4
  m_Component:
  - 4: {fileID: 406572}
  m_Layer: 16
  m_Name: Character_Ctrl:RightWristEffector
  m_TagString: Untagged
  m_Icon: {fileID: 0}
  m_NavMeshLayer: 0
  m_StaticEditorFlags: 0
  m_IsActive: 1
--- !u!1 &186842
GameObject:
  m_ObjectHideFlags: 1
  m_PrefabParentObject: {fileID: 0}
  m_PrefabInternal: {fileID: 100100000}
  serializedVersion: 4
  m_Component:
  - 4: {fileID: 445070}
  m_Layer: 16
  m_Name: Base HumanLLeg1
  m_TagString: Untagged
  m_Icon: {fileID: 0}
  m_NavMeshLayer: 0
  m_StaticEditorFlags: 0
  m_IsActive: 1
--- !u!1 &187838
GameObject:
  m_ObjectHideFlags: 1
  m_PrefabParentObject: {fileID: 0}
  m_PrefabInternal: {fileID: 100100000}
  serializedVersion: 4
  m_Component:
  - 4: {fileID: 435526}
  m_Layer: 16
  m_Name: Base HumanRLegAnkle
  m_TagString: Untagged
  m_Icon: {fileID: 0}
  m_NavMeshLayer: 0
  m_StaticEditorFlags: 0
  m_IsActive: 1
--- !u!1 &189968
GameObject:
  m_ObjectHideFlags: 1
  m_PrefabParentObject: {fileID: 0}
  m_PrefabInternal: {fileID: 100100000}
  serializedVersion: 4
  m_Component:
  - 4: {fileID: 485086}
  m_Layer: 16
  m_Name: Character_Ctrl:RightElbowEffector
  m_TagString: Untagged
  m_Icon: {fileID: 0}
  m_NavMeshLayer: 0
  m_StaticEditorFlags: 0
  m_IsActive: 1
--- !u!1 &190950
GameObject:
  m_ObjectHideFlags: 1
  m_PrefabParentObject: {fileID: 0}
  m_PrefabInternal: {fileID: 100100000}
  serializedVersion: 4
  m_Component:
  - 4: {fileID: 494006}
  m_Layer: 16
  m_Name: Base HumanLThigh
  m_TagString: Untagged
  m_Icon: {fileID: 0}
  m_NavMeshLayer: 0
  m_StaticEditorFlags: 0
  m_IsActive: 1
--- !u!1 &192674
GameObject:
  m_ObjectHideFlags: 1
  m_PrefabParentObject: {fileID: 0}
  m_PrefabInternal: {fileID: 100100000}
  serializedVersion: 4
  m_Component:
  - 4: {fileID: 448506}
  m_Layer: 16
  m_Name: Character_Ctrl:LeftArm
  m_TagString: Untagged
  m_Icon: {fileID: 0}
  m_NavMeshLayer: 0
  m_StaticEditorFlags: 0
  m_IsActive: 1
--- !u!1 &199976
GameObject:
  m_ObjectHideFlags: 1
  m_PrefabParentObject: {fileID: 0}
  m_PrefabInternal: {fileID: 100100000}
  serializedVersion: 4
  m_Component:
  - 4: {fileID: 491218}
  m_Layer: 16
  m_Name: Base HumanLFoot
  m_TagString: Untagged
  m_Icon: {fileID: 0}
  m_NavMeshLayer: 0
  m_StaticEditorFlags: 0
  m_IsActive: 1
--- !u!4 &401306
Transform:
  m_ObjectHideFlags: 1
  m_PrefabParentObject: {fileID: 0}
  m_PrefabInternal: {fileID: 100100000}
  m_GameObject: {fileID: 110574}
  m_LocalRotation: {x: -0.000000074505806, y: 0.34077448, z: 7.984028e-16, w: 0.9401451}
  m_LocalPosition: {x: -0.0000099563595, y: 1.208387, z: -0.033622168}
  m_LocalScale: {x: 1, y: 1, z: 1}
  m_Children: []
  m_Father: {fileID: 451122}
  m_RootOrder: 4
--- !u!4 &404144
Transform:
  m_ObjectHideFlags: 1
  m_PrefabParentObject: {fileID: 0}
  m_PrefabInternal: {fileID: 100100000}
  m_GameObject: {fileID: 114074}
  m_LocalRotation: {x: 0.000000040821185, y: 0.00000038502938, z: 0.9833613, w: -0.18166046}
  m_LocalPosition: {x: -0.06111122, y: -0.004675636, z: -0.000000011604188}
  m_LocalScale: {x: 1.0000004, y: 1.0000005, z: 1.0000001}
  m_Children:
  - {fileID: 428168}
  m_Father: {fileID: 406618}
  m_RootOrder: 2
--- !u!4 &404766
Transform:
  m_ObjectHideFlags: 1
  m_PrefabParentObject: {fileID: 0}
  m_PrefabInternal: {fileID: 100100000}
  m_GameObject: {fileID: 116002}
  m_LocalRotation: {x: 0.18614173, y: 0.22233324, z: 0.06816995, w: 0.9546057}
  m_LocalPosition: {x: -0.01609642, y: -0.35595873, z: 0.043687392}
  m_LocalScale: {x: 1, y: 1, z: 1}
  m_Children:
  - {fileID: 434778}
  m_Father: {fileID: 440828}
  m_RootOrder: 0
--- !u!4 &405468
Transform:
  m_ObjectHideFlags: 1
  m_PrefabParentObject: {fileID: 0}
  m_PrefabInternal: {fileID: 100100000}
  m_GameObject: {fileID: 179886}
  m_LocalRotation: {x: 0.00000024586916, y: 0.34077376, z: 0.00000015459958, w: 0.9401454}
  m_LocalPosition: {x: -0.60549325, y: 0.044514615, z: 0.4055014}
  m_LocalScale: {x: 1, y: 1, z: 1}
  m_Children: []
  m_Father: {fileID: 451122}
  m_RootOrder: 5
--- !u!4 &406572
Transform:
  m_ObjectHideFlags: 1
  m_PrefabParentObject: {fileID: 0}
  m_PrefabInternal: {fileID: 100100000}
  m_GameObject: {fileID: 184098}
  m_LocalRotation: {x: -9.313209e-10, y: 0.3407743, z: 0.00000011734662, w: 0.94014513}
  m_LocalPosition: {x: 0.40935054, y: 1.5696739, z: -0.3025843}
  m_LocalScale: {x: 1, y: 1, z: 1}
  m_Children: []
  m_Father: {fileID: 451122}
  m_RootOrder: 16
--- !u!4 &406618
Transform:
  m_ObjectHideFlags: 1
  m_PrefabParentObject: {fileID: 0}
  m_PrefabInternal: {fileID: 100100000}
  m_GameObject: {fileID: 116662}
  m_LocalRotation: {x: 0, y: 0, z: 0.7071066, w: -0.70710695}
  m_LocalPosition: {x: 0, y: 1.35, z: 0}
  m_LocalScale: {x: 1, y: 1, z: 1}
  m_Children:
  - {fileID: 494006}
  - {fileID: 496088}
  - {fileID: 404144}
  m_Father: {fileID: 416668}
  m_RootOrder: 4
--- !u!4 &409500
Transform:
  m_ObjectHideFlags: 1
  m_PrefabParentObject: {fileID: 0}
  m_PrefabInternal: {fileID: 100100000}
  m_GameObject: {fileID: 145468}
  m_LocalRotation: {x: 0.37302932, y: 0.23715155, z: -0.68942976, w: 0.5738422}
  m_LocalPosition: {x: -0.5500766, y: 0.0000006055832, z: 0}
  m_LocalScale: {x: 1.0000005, y: 0.99999976, z: 1.0000006}
  m_Children:
  - {fileID: 435526}
  m_Father: {fileID: 475252}
  m_RootOrder: 0
--- !u!4 &412772
Transform:
  m_ObjectHideFlags: 1
  m_PrefabParentObject: {fileID: 0}
  m_PrefabInternal: {fileID: 100100000}
  m_GameObject: {fileID: 173572}
  m_LocalRotation: {x: -0.00000009113634, y: 0.34077448, z: 0.00000008648996, w: 0.9401451}
  m_LocalPosition: {x: 0.007524352, y: 1.0169435, z: -0.021827111}
  m_LocalScale: {x: 1, y: 1, z: 1}
  m_Children: []
  m_Father: {fileID: 451122}
  m_RootOrder: 0
--- !u!4 &413904
Transform:
  m_ObjectHideFlags: 1
  m_PrefabParentObject: {fileID: 0}
  m_PrefabInternal: {fileID: 100100000}
  m_GameObject: {fileID: 104494}
  m_LocalRotation: {x: -0.00000002980233, y: 0.34077483, z: -0.000000011175884, w: 0.94014496}
  m_LocalPosition: {x: -0.35600066, y: 1.518219, z: 0.3361842}
  m_LocalScale: {x: 1, y: 1, z: 1}
  m_Children: []
  m_Father: {fileID: 451122}
  m_RootOrder: 10
--- !u!4 &416668
Transform:
  m_ObjectHideFlags: 1
  m_PrefabParentObject: {fileID: 0}
  m_PrefabInternal: {fileID: 100100000}
  m_GameObject: {fileID: 173792}
  m_LocalRotation: {x: 0, y: 0, z: 0, w: 1}
  m_LocalPosition: {x: -10.47, y: 0, z: -0}
  m_LocalScale: {x: 1, y: 1, z: 1}
  m_Children:
  - {fileID: 493522}
  - {fileID: 496858}
  - {fileID: 458134}
  - {fileID: 451122}
  - {fileID: 406618}
  m_Father: {fileID: 471254}
  m_RootOrder: 0
--- !u!4 &421160
Transform:
  m_ObjectHideFlags: 1
  m_PrefabParentObject: {fileID: 0}
  m_PrefabInternal: {fileID: 100100000}
  m_GameObject: {fileID: 161592}
  m_LocalRotation: {x: -0.00000013411045, y: 0.34077445, z: 0.00000005960467, w: 0.9401451}
  m_LocalPosition: {x: 0.009734845, y: 1.0320643, z: -0.021946201}
  m_LocalScale: {x: 1, y: 1, z: 1}
  m_Children: []
  m_Father: {fileID: 451122}
  m_RootOrder: 2
--- !u!4 &423146
Transform:
  m_ObjectHideFlags: 1
  m_PrefabParentObject: {fileID: 0}
  m_PrefabInternal: {fileID: 100100000}
  m_GameObject: {fileID: 141552}
  m_LocalRotation: {x: 0.020712808, y: 0.19113077, z: -0.016631277, w: 0.9812051}
  m_LocalPosition: {x: -0.51971567, y: 0.8943071, z: 0.51557577}
  m_LocalScale: {x: 1, y: 1, z: 1}
  m_Children: []
  m_Father: {fileID: 451122}
  m_RootOrder: 8
--- !u!4 &427428
Transform:
  m_ObjectHideFlags: 1
  m_PrefabParentObject: {fileID: 0}
  m_PrefabInternal: {fileID: 100100000}
  m_GameObject: {fileID: 122706}
  m_LocalRotation: {x: -0.019408884, y: -0.17765562, z: -0.00088761665, w: 0.9839009}
  m_LocalPosition: {x: 0.017188696, y: -0.8557907, z: -0.09459271}
  m_LocalScale: {x: 1, y: 1, z: 1}
  m_Children: []
  m_Father: {fileID: 495262}
  m_RootOrder: 0
--- !u!4 &428168
Transform:
  m_ObjectHideFlags: 1
  m_PrefabParentObject: {fileID: 0}
  m_PrefabInternal: {fileID: 100100000}
  m_GameObject: {fileID: 176262}
  m_LocalRotation: {x: 0.000000026181203, y: 0.00000038209348, z: 0.9741086, w: 0.22608073}
  m_LocalPosition: {x: -0.22961944, y: -0.000000038146972, z: 0}
  m_LocalScale: {x: 0.99999964, y: 0.99999964, z: 0.9999999}
  m_Children:
  - {fileID: 445070}
  - {fileID: 475252}
  m_Father: {fileID: 404144}
  m_RootOrder: 0
--- !u!4 &434778
Transform:
  m_ObjectHideFlags: 1
  m_PrefabParentObject: {fileID: 0}
  m_PrefabInternal: {fileID: 100100000}
  m_GameObject: {fileID: 173194}
  m_LocalRotation: {x: -0.025140343, y: 0.15467826, z: 0.008577639, w: 0.9876078}
  m_LocalPosition: {x: -0.017094256, y: -0.8558463, z: -0.094107695}
  m_LocalScale: {x: 1, y: 1, z: 1}
  m_Children: []
  m_Father: {fileID: 404766}
  m_RootOrder: 0
--- !u!4 &435526
Transform:
  m_ObjectHideFlags: 1
  m_PrefabParentObject: {fileID: 0}
  m_PrefabInternal: {fileID: 100100000}
  m_GameObject: {fileID: 187838}
  m_LocalRotation: {x: -0.57882404, y: 0.6702109, z: -0.33977607, w: -0.31675276}
  m_LocalPosition: {x: -0.39601293, y: 0.000000076293944, z: 0}
  m_LocalScale: {x: 0.99999946, y: 1.0000002, z: 0.9999997}
  m_Children: []
  m_Father: {fileID: 409500}
  m_RootOrder: 0
--- !u!4 &436582
Transform:
  m_ObjectHideFlags: 1
  m_PrefabParentObject: {fileID: 0}
  m_PrefabInternal: {fileID: 100100000}
  m_GameObject: {fileID: 156290}
  m_LocalRotation: {x: -0.00000000982772, y: 0.34077463, z: -0.00000004139456, w: 0.9401451}
  m_LocalPosition: {x: -0.54020756, y: 1.3272641, z: 0.07096278}
  m_LocalScale: {x: 1, y: 1, z: 1}
  m_Children: []
  m_Father: {fileID: 451122}
  m_RootOrder: 6
--- !u!4 &440696
Transform:
  m_ObjectHideFlags: 1
  m_PrefabParentObject: {fileID: 0}
  m_PrefabInternal: {fileID: 100100000}
  m_GameObject: {fileID: 126706}
  m_LocalRotation: {x: -0.5937026, y: 0.6415266, z: 0.32555395, w: 0.3605211}
  m_LocalPosition: {x: -0.37515083, y: 0.000000076293944, z: 0}
  m_LocalScale: {x: 1.0000012, y: 1.0000012, z: 0.9999975}
  m_Children: []
  m_Father: {fileID: 486080}
  m_RootOrder: 0
--- !u!4 &440828
Transform:
  m_ObjectHideFlags: 1
  m_PrefabParentObject: {fileID: 0}
  m_PrefabInternal: {fileID: 100100000}
  m_GameObject: {fileID: 136554}
  m_LocalRotation: {x: -0.1511982, y: -0.36392504, z: -0.10989503, w: 0.9124806}
  m_LocalPosition: {x: -0.6013338, y: 0.023239937, z: 0.06268825}
  m_LocalScale: {x: 1, y: 1, z: 1}
  m_Children:
  - {fileID: 404766}
  m_Father: {fileID: 458356}
  m_RootOrder: 0
--- !u!4 &443506
Transform:
  m_ObjectHideFlags: 1
  m_PrefabParentObject: {fileID: 0}
  m_PrefabInternal: {fileID: 100100000}
  m_GameObject: {fileID: 128126}
  m_LocalRotation: {x: -0.00000009113634, y: 0.34077448, z: 0.00000008648996, w: 0.9401451}
  m_LocalPosition: {x: -0.043310374, y: 1.2462417, z: -0.08550434}
  m_LocalScale: {x: 1, y: 1, z: 1}
  m_Children: []
  m_Father: {fileID: 451122}
  m_RootOrder: 1
--- !u!4 &445070
Transform:
  m_ObjectHideFlags: 1
  m_PrefabParentObject: {fileID: 0}
  m_PrefabInternal: {fileID: 100100000}
  m_GameObject: {fileID: 186842}
  m_LocalRotation: {x: 0.2958315, y: 0.4547688, z: 0.16555797, w: 0.8235652}
  m_LocalPosition: {x: 0.030357664, y: -0.000004014969, z: 0.1143449}
  m_LocalScale: {x: 0.9999998, y: 1, z: 0.99999994}
  m_Children:
  - {fileID: 486080}
  m_Father: {fileID: 428168}
  m_RootOrder: 0
--- !u!4 &448506
Transform:
  m_ObjectHideFlags: 1
  m_PrefabParentObject: {fileID: 0}
  m_PrefabInternal: {fileID: 100100000}
  m_GameObject: {fileID: 192674}
  m_LocalRotation: {x: -0.00000013311032, y: -0.000000028018492, z: -0.000000070042105,
    w: 1}
  m_LocalPosition: {x: -0.11434502, y: -0.24441902, z: 0.080135494}
  m_LocalScale: {x: 1, y: 1, z: 1}
  m_Children:
  - {fileID: 449482}
  m_Father: {fileID: 451008}
  m_RootOrder: 1
--- !u!4 &449482
Transform:
  m_ObjectHideFlags: 1
  m_PrefabParentObject: {fileID: 0}
  m_PrefabInternal: {fileID: 100100000}
  m_GameObject: {fileID: 166092}
  m_LocalRotation: {x: 0.00000024758853, y: 0.00000013238576, z: -0.000000027149179,
    w: 1}
  m_LocalPosition: {x: -0.36740267, y: 0.32544154, z: -0.27839774}
  m_LocalScale: {x: 1, y: 1, z: 1}
  m_Children:
  - {fileID: 495558}
  m_Father: {fileID: 448506}
  m_RootOrder: 0
--- !u!4 &449656
Transform:
  m_ObjectHideFlags: 1
  m_PrefabParentObject: {fileID: 0}
  m_PrefabInternal: {fileID: 100100000}
  m_GameObject: {fileID: 134932}
  m_LocalRotation: {x: -0.1344489, y: -0.10801351, z: -0.67135143, w: 0.7207939}
  m_LocalPosition: {x: -0.8611732, y: 0, z: 0}
  m_LocalScale: {x: 1, y: 1, z: 1}
  m_Children: []
  m_Father: {fileID: 478482}
  m_RootOrder: 0
--- !u!4 &451008
Transform:
  m_ObjectHideFlags: 1
  m_PrefabParentObject: {fileID: 0}
  m_PrefabInternal: {fileID: 100100000}
  m_GameObject: {fileID: 140558}
  m_LocalRotation: {x: -0.00000004447686, y: -7.673856e-15, z: 0.00000007897759, w: 1}
  m_LocalPosition: {x: 0.000000010609082, y: 0.06109459, z: -0.004888833}
  m_LocalScale: {x: 1, y: 1, z: 1}
  m_Children:
  - {fileID: 477744}
  - {fileID: 448506}
  - {fileID: 478488}
  m_Father: {fileID: 458356}
  m_RootOrder: 2
--- !u!4 &451122
Transform:
  m_ObjectHideFlags: 1
  m_PrefabParentObject: {fileID: 0}
  m_PrefabInternal: {fileID: 100100000}
  m_GameObject: {fileID: 134908}
  m_LocalRotation: {x: 0, y: 0, z: 0, w: 1}
  m_LocalPosition: {x: 0, y: 0, z: 0}
  m_LocalScale: {x: 1, y: 1, z: 1}
  m_Children:
  - {fileID: 412772}
  - {fileID: 443506}
  - {fileID: 421160}
  - {fileID: 458356}
  - {fileID: 401306}
  - {fileID: 405468}
  - {fileID: 436582}
  - {fileID: 490508}
  - {fileID: 423146}
  - {fileID: 462098}
  - {fileID: 413904}
  - {fileID: 486800}
  - {fileID: 485086}
  - {fileID: 482910}
  - {fileID: 495268}
  - {fileID: 493154}
  - {fileID: 406572}
  m_Father: {fileID: 416668}
  m_RootOrder: 3
--- !u!4 &451618
Transform:
  m_ObjectHideFlags: 1
  m_PrefabParentObject: {fileID: 0}
  m_PrefabInternal: {fileID: 100100000}
  m_GameObject: {fileID: 112630}
  m_LocalRotation: {x: -0.15255076, y: 0.41483507, z: 0.11611577, w: 0.8894702}
  m_LocalPosition: {x: 0.60133374, y: 0.023239844, z: 0.06268859}
  m_LocalScale: {x: 1, y: 1, z: 1}
  m_Children:
  - {fileID: 495262}
  m_Father: {fileID: 458356}
  m_RootOrder: 1
--- !u!4 &458134
Transform:
  m_ObjectHideFlags: 1
  m_PrefabParentObject: {fileID: 0}
  m_PrefabInternal: {fileID: 100100000}
  m_GameObject: {fileID: 132866}
  m_LocalRotation: {x: 0, y: 0, z: 0, w: 1}
  m_LocalPosition: {x: 0, y: 0, z: 0}
  m_LocalScale: {x: 1, y: 1, z: 1}
  m_Children: []
  m_Father: {fileID: 416668}
  m_RootOrder: 2
--- !u!4 &458356
Transform:
  m_ObjectHideFlags: 1
  m_PrefabParentObject: {fileID: 0}
  m_PrefabInternal: {fileID: 100100000}
  m_GameObject: {fileID: 144630}
  m_LocalRotation: {x: -0.000000074505806, y: 0.34077448, z: 7.984028e-16, w: 0.9401451}
  m_LocalPosition: {x: -0.040177837, y: 1.185147, z: -0.081750944}
  m_LocalScale: {x: 1, y: 1, z: 1}
  m_Children:
  - {fileID: 440828}
  - {fileID: 451618}
  - {fileID: 451008}
  m_Father: {fileID: 451122}
  m_RootOrder: 3
--- !u!4 &462098
Transform:
  m_ObjectHideFlags: 1
  m_PrefabParentObject: {fileID: 0}
  m_PrefabInternal: {fileID: 100100000}
  m_GameObject: {fileID: 143350}
  m_LocalRotation: {x: -0.00000023718844, y: 0.34077445, z: 0.00000007194987, w: 0.9401451}
  m_LocalPosition: {x: -0.079750985, y: 1.0018226, z: 0.04928649}
  m_LocalScale: {x: 1, y: 1, z: 1}
  m_Children: []
  m_Father: {fileID: 451122}
  m_RootOrder: 9
--- !u!4 &466318
Transform:
  m_ObjectHideFlags: 1
  m_PrefabParentObject: {fileID: 0}
  m_PrefabInternal: {fileID: 100100000}
  m_GameObject: {fileID: 147212}
  m_LocalRotation: {x: 0.2276095, y: 0.08481058, z: 0.2868216, w: 0.9266793}
  m_LocalPosition: {x: -0.3589906, y: 0.000000057220458, z: 0}
  m_LocalScale: {x: 1.0000002, y: 0.9999999, z: 0.9999998}
  m_Children:
  - {fileID: 491218}
  m_Father: {fileID: 494006}
  m_RootOrder: 0
--- !u!4 &471254
Transform:
  m_ObjectHideFlags: 1
  m_PrefabParentObject: {fileID: 0}
  m_PrefabInternal: {fileID: 100100000}
  m_GameObject: {fileID: 163824}
  m_LocalRotation: {x: 0, y: 1, z: 0, w: -0.00000016292068}
  m_LocalPosition: {x: -2.9619167, y: -0.048732877, z: 0}
  m_LocalScale: {x: 1, y: 1, z: 1}
  m_Children:
  - {fileID: 416668}
  m_Father: {fileID: 0}
  m_RootOrder: 0
--- !u!4 &475252
Transform:
  m_ObjectHideFlags: 1
  m_PrefabParentObject: {fileID: 0}
  m_PrefabInternal: {fileID: 100100000}
  m_GameObject: {fileID: 164334}
  m_LocalRotation: {x: -0.28828225, y: -0.46466526, z: 0.17468895, w: 0.8188182}
  m_LocalPosition: {x: -0, y: 0, z: -0.11079808}
  m_LocalScale: {x: 1.0000001, y: 0.99999994, z: 1.0000001}
  m_Children:
  - {fileID: 409500}
  m_Father: {fileID: 428168}
  m_RootOrder: 1
--- !u!4 &477744
Transform:
  m_ObjectHideFlags: 1
  m_PrefabParentObject: {fileID: 0}
  m_PrefabInternal: {fileID: 100100000}
  m_GameObject: {fileID: 141166}
  m_LocalRotation: {x: -0.00000003187191, y: -0.000000028018498, z: -0.0000000432523,
    w: 1}
  m_LocalPosition: {x: 0.000000017014326, y: -0.21417734, z: 0.08278541}
  m_LocalScale: {x: 1, y: 1, z: 1}
  m_Children: []
  m_Father: {fileID: 451008}
  m_RootOrder: 0
--- !u!4 &478482
Transform:
  m_ObjectHideFlags: 1
  m_PrefabParentObject: {fileID: 0}
  m_PrefabInternal: {fileID: 100100000}
  m_GameObject: {fileID: 163558}
  m_LocalRotation: {x: -0.25780305, y: -0.09476376, z: 0.28649148, w: 0.9178671}
  m_LocalPosition: {x: -0.35899085, y: 0.000000057220458, z: -0.000000076293944}
  m_LocalScale: {x: 1, y: 1, z: 1}
  m_Children:
  - {fileID: 449656}
  m_Father: {fileID: 496088}
  m_RootOrder: 0
--- !u!4 &478488
Transform:
  m_ObjectHideFlags: 1
  m_PrefabParentObject: {fileID: 0}
  m_PrefabInternal: {fileID: 100100000}
  m_GameObject: {fileID: 131722}
  m_LocalRotation: {x: 0.000000045156526, y: -0.0000002724783, z: -0.000000037125414,
    w: 1}
  m_LocalPosition: {x: 0.110798255, y: -0.21417736, z: 0.08278541}
  m_LocalScale: {x: 1, y: 1, z: 1}
  m_Children:
  - {fileID: 495220}
  m_Father: {fileID: 451008}
  m_RootOrder: 2
--- !u!4 &482910
Transform:
  m_ObjectHideFlags: 1
  m_PrefabParentObject: {fileID: 0}
  m_PrefabInternal: {fileID: 100100000}
  m_GameObject: {fileID: 148846}
  m_LocalRotation: {x: -0.103850596, y: 0.6931139, z: 0.16115102, w: 0.6948658}
  m_LocalPosition: {x: 0.46166143, y: 1.2083869, z: -0.41892958}
  m_LocalScale: {x: 1, y: 1, z: 1}
  m_Children: []
  m_Father: {fileID: 451122}
  m_RootOrder: 13
--- !u!4 &485086
Transform:
  m_ObjectHideFlags: 1
  m_PrefabParentObject: {fileID: 0}
  m_PrefabInternal: {fileID: 100100000}
  m_GameObject: {fileID: 189968}
  m_LocalRotation: {x: -0.00000003759315, y: 0.3407746, z: 0.00000010601239, w: 0.9401451}
  m_LocalPosition: {x: 0.19469073, y: 1.3365278, z: -0.5400518}
  m_LocalScale: {x: 1, y: 1, z: 1}
  m_Children: []
  m_Father: {fileID: 451122}
  m_RootOrder: 12
--- !u!4 &486080
Transform:
  m_ObjectHideFlags: 1
  m_PrefabParentObject: {fileID: 0}
  m_PrefabInternal: {fileID: 100100000}
  m_GameObject: {fileID: 145204}
  m_LocalRotation: {x: -0.35981366, y: -0.19510089, z: -0.7084586, w: 0.5749402}
  m_LocalPosition: {x: -0.564271, y: 0.000000629425, z: 0.0000003814697}
  m_LocalScale: {x: 1, y: 0.99999976, z: 1.0000006}
  m_Children:
  - {fileID: 440696}
  m_Father: {fileID: 445070}
  m_RootOrder: 0
--- !u!4 &486800
Transform:
  m_ObjectHideFlags: 1
  m_PrefabParentObject: {fileID: 0}
  m_PrefabInternal: {fileID: 100100000}
  m_GameObject: {fileID: 129176}
  m_LocalRotation: {x: -0.00000011734663, y: 0.34077463, z: 0.000000062864274, w: 0.9401451}
  m_LocalPosition: {x: 0.534936, y: 0.044525526, z: -0.5464462}
  m_LocalScale: {x: 1, y: 1, z: 1}
  m_Children: []
  m_Father: {fileID: 451122}
  m_RootOrder: 11
--- !u!4 &490508
Transform:
  m_ObjectHideFlags: 1
  m_PrefabParentObject: {fileID: 0}
  m_PrefabInternal: {fileID: 100100000}
  m_GameObject: {fileID: 101720}
  m_LocalRotation: {x: -0.17959772, y: -0.031192238, z: -0.05179276, w: 0.9818805}
  m_LocalPosition: {x: -0.46168137, y: 1.208387, z: 0.35168526}
  m_LocalScale: {x: 1, y: 1, z: 1}
  m_Children: []
  m_Father: {fileID: 451122}
  m_RootOrder: 7
--- !u!4 &491218
Transform:
  m_ObjectHideFlags: 1
  m_PrefabParentObject: {fileID: 0}
  m_PrefabInternal: {fileID: 100100000}
  m_GameObject: {fileID: 199976}
  m_LocalRotation: {x: 0.111334726, y: 0.101017125, z: -0.6775217, w: 0.7199753}
  m_LocalPosition: {x: -0.8611732, y: 0, z: -0.000000038146972}
  m_LocalScale: {x: 1.0000002, y: 0.99999964, z: 1.0000002}
  m_Children: []
  m_Father: {fileID: 466318}
  m_RootOrder: 0
--- !u!4 &493154
Transform:
  m_ObjectHideFlags: 1
  m_PrefabParentObject: {fileID: 0}
  m_PrefabInternal: {fileID: 100100000}
  m_GameObject: {fileID: 135930}
  m_LocalRotation: {x: -0.000000054863126, y: 0.34077427, z: 0.000000038533344, w: 0.9401452}
  m_LocalPosition: {x: 0.09479969, y: 1.0320643, z: -0.09294071}
  m_LocalScale: {x: 1, y: 1, z: 1}
  m_Children: []
  m_Father: {fileID: 451122}
  m_RootOrder: 15
--- !u!4 &493522
Transform:
  m_ObjectHideFlags: 1
  m_PrefabParentObject: {fileID: 0}
  m_PrefabInternal: {fileID: 100100000}
  m_GameObject: {fileID: 167218}
  m_LocalRotation: {x: 0, y: 0.6755903, z: 0, w: 0.73727727}
  m_LocalPosition: {x: 0, y: 1, z: 0}
  m_LocalScale: {x: 0.5, y: 0.5, z: 0.5}
  m_Children: []
  m_Father: {fileID: 416668}
  m_RootOrder: 0
--- !u!4 &494006
Transform:
  m_ObjectHideFlags: 1
  m_PrefabParentObject: {fileID: 0}
  m_PrefabInternal: {fileID: 100100000}
  m_GameObject: {fileID: 190950}
  m_LocalRotation: {x: -0.19569749, y: 0.90170646, z: 0.35327297, w: 0.15435731}
  m_LocalPosition: {x: -0.023021087, y: 0.06276914, z: 0.60133296}
  m_LocalScale: {x: 1.0000002, y: 1.0000001, z: 0.99999994}
  m_Children:
  - {fileID: 466318}
  m_Father: {fileID: 406618}
  m_RootOrder: 0
--- !u!4 &495220
Transform:
  m_ObjectHideFlags: 1
  m_PrefabParentObject: {fileID: 0}
  m_PrefabInternal: {fileID: 100100000}
  m_GameObject: {fileID: 135236}
  m_LocalRotation: {x: -0.0000000050982756, y: 0.00000037684555, z: 0.000000071457606,
    w: 1}
  m_LocalPosition: {x: 0.3631794, y: 0.3044635, z: -0.27926204}
  m_LocalScale: {x: 1, y: 1, z: 1}
  m_Children:
  - {fileID: 495272}
  m_Father: {fileID: 478488}
  m_RootOrder: 0
--- !u!4 &495262
Transform:
  m_ObjectHideFlags: 1
  m_PrefabParentObject: {fileID: 0}
  m_PrefabInternal: {fileID: 100100000}
  m_GameObject: {fileID: 146550}
  m_LocalRotation: {x: 0.18761879, y: -0.2525262, z: -0.078303896, w: 0.9459906}
  m_LocalPosition: {x: 0.015992152, y: -0.3559627, z: 0.043698333}
  m_LocalScale: {x: 1, y: 1, z: 1}
  m_Children:
  - {fileID: 427428}
  m_Father: {fileID: 451618}
  m_RootOrder: 0
--- !u!4 &495268
Transform:
  m_ObjectHideFlags: 1
  m_PrefabParentObject: {fileID: 0}
  m_PrefabInternal: {fileID: 100100000}
  m_GameObject: {fileID: 167712}
  m_LocalRotation: {x: 0.018549515, y: 0.50231045, z: -0.0057795243, w: 0.86446905}
  m_LocalPosition: {x: 0.63305175, y: 0.89593863, z: -0.46224448}
  m_LocalScale: {x: 1, y: 1, z: 1}
  m_Children: []
  m_Father: {fileID: 451122}
  m_RootOrder: 14
--- !u!4 &495272
Transform:
  m_ObjectHideFlags: 1
  m_PrefabParentObject: {fileID: 0}
  m_PrefabInternal: {fileID: 100100000}
  m_GameObject: {fileID: 171810}
  m_LocalRotation: {x: 0.000000033600553, y: -0.00000029279005, z: 0.000000022085345,
    w: 1}
  m_LocalPosition: {x: 0.012645586, y: 0.233146, z: 0.31985897}
  m_LocalScale: {x: 1, y: 1, z: 1}
  m_Children: []
  m_Father: {fileID: 495220}
  m_RootOrder: 0
--- !u!4 &495558
Transform:
  m_ObjectHideFlags: 1
  m_PrefabParentObject: {fileID: 0}
  m_PrefabInternal: {fileID: 100100000}
  m_GameObject: {fileID: 101166}
  m_LocalRotation: {x: -0.000000024165146, y: 0.00000026477153, z: 0.000000022940558,
    w: 1}
  m_LocalPosition: {x: -0.028517995, y: 0.1909549, z: 0.32165402}
  m_LocalScale: {x: 1, y: 1, z: 1}
  m_Children: []
  m_Father: {fileID: 449482}
  m_RootOrder: 0
--- !u!4 &496088
Transform:
  m_ObjectHideFlags: 1
  m_PrefabParentObject: {fileID: 0}
  m_PrefabInternal: {fileID: 100100000}
  m_GameObject: {fileID: 156016}
  m_LocalRotation: {x: -0.19455726, y: 0.8788847, z: -0.40386298, w: -0.1631073}
  m_LocalPosition: {x: -0.023020934, y: 0.06276914, z: -0.601333}
  m_LocalScale: {x: 1.0000001, y: 0.99999994, z: 0.99999994}
  m_Children:
  - {fileID: 478482}
  m_Father: {fileID: 406618}
  m_RootOrder: 1
--- !u!4 &496858
Transform:
  m_ObjectHideFlags: 1
  m_PrefabParentObject: {fileID: 0}
  m_PrefabInternal: {fileID: 100100000}
  m_GameObject: {fileID: 102990}
  m_LocalRotation: {x: 0, y: 0, z: 0, w: 1}
  m_LocalPosition: {x: 0, y: 0, z: 0}
  m_LocalScale: {x: 1, y: 1, z: 1}
  m_Children: []
  m_Father: {fileID: 416668}
  m_RootOrder: 1
--- !u!23 &2376904
MeshRenderer:
  m_ObjectHideFlags: 1
  m_PrefabParentObject: {fileID: 0}
  m_PrefabInternal: {fileID: 100100000}
  m_GameObject: {fileID: 167218}
  m_Enabled: 1
  m_CastShadows: 1
  m_ReceiveShadows: 1
  m_Materials:
  - {fileID: 2100000, guid: 429aa04aaaeb6c147b717d63a17ba731, type: 2}
  - {fileID: 2100000, guid: d3237357076d50e4d8eefb2937b6e31f, type: 2}
  m_SubsetIndices: 
  m_StaticBatchRoot: {fileID: 0}
  m_UseLightProbes: 1
  m_ReflectionProbeUsage: 1
  m_ProbeAnchor: {fileID: 0}
  m_ScaleInLightmap: 1
  m_PreserveUVs: 1
  m_IgnoreNormalsForChartDetection: 0
  m_ImportantGI: 0
  m_MinimumChartSize: 4
  m_AutoUVMaxDistance: 0.5
  m_AutoUVMaxAngle: 89
  m_LightmapParameters: {fileID: 0}
  m_SortingLayerID: 0
  m_SortingOrder: 0
--- !u!33 &3305298
MeshFilter:
  m_ObjectHideFlags: 1
  m_PrefabParentObject: {fileID: 0}
  m_PrefabInternal: {fileID: 100100000}
  m_GameObject: {fileID: 167218}
  m_Mesh: {fileID: 10207, guid: 0000000000000000e000000000000000, type: 0}
--- !u!54 &5444510
Rigidbody:
  m_ObjectHideFlags: 1
  m_PrefabParentObject: {fileID: 0}
  m_PrefabInternal: {fileID: 100100000}
  m_GameObject: {fileID: 173792}
  serializedVersion: 2
  m_Mass: 1
  m_Drag: 0
  m_AngularDrag: 0.05
  m_UseGravity: 0
  m_IsKinematic: 1
  m_Interpolate: 1
  m_Constraints: 76
  m_CollisionDetection: 0
--- !u!64 &6403506
MeshCollider:
  m_ObjectHideFlags: 1
  m_PrefabParentObject: {fileID: 0}
  m_PrefabInternal: {fileID: 100100000}
  m_GameObject: {fileID: 176262}
  m_Material: {fileID: 0}
  m_IsTrigger: 0
  m_Enabled: 1
  serializedVersion: 2
  m_Convex: 0
  m_Mesh: {fileID: 4300000, guid: 47e62527fef286a4a94ae889e266f387, type: 3}
--- !u!95 &9524880
Animator:
  serializedVersion: 3
  m_ObjectHideFlags: 1
  m_PrefabParentObject: {fileID: 0}
  m_PrefabInternal: {fileID: 100100000}
  m_GameObject: {fileID: 173792}
  m_Enabled: 1
  m_Avatar: {fileID: 9000000, guid: 47e62527fef286a4a94ae889e266f387, type: 3}
  m_Controller: {fileID: 9100000, guid: 2a18d6d4033cfd64abd7f5318bebd686, type: 2}
  m_CullingMode: 1
  m_UpdateMode: 0
  m_ApplyRootMotion: 0
  m_LinearVelocityBlending: 0
  m_WarningMessage: 
  m_HasTransformHierarchy: 1
  m_AllowConstantClipSamplingOptimization: 1
--- !u!114 &11479798
MonoBehaviour:
  m_ObjectHideFlags: 1
  m_PrefabParentObject: {fileID: 0}
  m_PrefabInternal: {fileID: 100100000}
  m_GameObject: {fileID: 167218}
  m_Enabled: 1
  m_EditorHideFlags: 0
  m_Script: {fileID: 11500000, guid: 99910f41b66bf514e8f938d6b1d7676c, type: 3}
  m_Name: 
  m_EditorClassIdentifier: 
  speed: 5
  startScale: {x: 0.25, y: 0.25, z: 0.25}
  endScale: {x: 0.5, y: 0.5, z: 0.5}
  scaleSpeed: 1
  lifeTime: 2
  KnockbackForce: 85
  Damage: 20
--- !u!114 &11483298
MonoBehaviour:
  m_ObjectHideFlags: 1
  m_PrefabParentObject: {fileID: 0}
  m_PrefabInternal: {fileID: 100100000}
  m_GameObject: {fileID: 173792}
  m_Enabled: 1
  m_EditorHideFlags: 0
  m_Script: {fileID: 11500000, guid: c86037dea66c37d4a8ded75afe124f58, type: 3}
  m_Name: 
  m_EditorClassIdentifier: 
  rotationTarget: {fileID: 428168}
  canShoot: 1
  range: 10
  Cooldown: 1
  rotationSpeed: 5
  canBeDestroyed: 0
  armor: 10
  movement: 0
  movementSpeed: 1
--- !u!135 &13566104
SphereCollider:
  m_ObjectHideFlags: 1
  m_PrefabParentObject: {fileID: 0}
  m_PrefabInternal: {fileID: 100100000}
  m_GameObject: {fileID: 173792}
  m_Material: {fileID: 0}
  m_IsTrigger: 0
  m_Enabled: 1
  serializedVersion: 2
  m_Radius: 0.82
  m_Center: {x: 0, y: 1, z: 0}
--- !u!135 &13575524
SphereCollider:
  m_ObjectHideFlags: 1
  m_PrefabParentObject: {fileID: 0}
  m_PrefabInternal: {fileID: 100100000}
  m_GameObject: {fileID: 167218}
  m_Material: {fileID: 0}
  m_IsTrigger: 1
  m_Enabled: 0
  serializedVersion: 2
  m_Radius: 0.5
  m_Center: {x: 0, y: 0, z: 0}
--- !u!137 &13744326
SkinnedMeshRenderer:
  m_ObjectHideFlags: 1
  m_PrefabParentObject: {fileID: 0}
  m_PrefabInternal: {fileID: 100100000}
  m_GameObject: {fileID: 102990}
  m_Enabled: 1
  m_CastShadows: 1
  m_ReceiveShadows: 1
  m_Materials:
  - {fileID: 2100000, guid: 4948f2592891f7c4496aa06b85b34377, type: 2}
  m_SubsetIndices: 
  m_StaticBatchRoot: {fileID: 0}
  m_UseLightProbes: 1
  m_ReflectionProbeUsage: 1
  m_ProbeAnchor: {fileID: 0}
  m_ScaleInLightmap: 1
  m_PreserveUVs: 0
  m_IgnoreNormalsForChartDetection: 0
  m_ImportantGI: 0
  m_MinimumChartSize: 4
  m_AutoUVMaxDistance: 0.5
  m_AutoUVMaxAngle: 89
  m_LightmapParameters: {fileID: 0}
  m_SortingLayerID: 0
  m_SortingOrder: 0
  serializedVersion: 2
  m_Quality: 0
  m_UpdateWhenOffscreen: 0
  m_Mesh: {fileID: 4300000, guid: 47e62527fef286a4a94ae889e266f387, type: 3}
  m_Bones:
  - {fileID: 428168}
  m_BlendShapeWeights: []
  m_RootBone: {fileID: 428168}
  m_AABB:
    m_Center: {x: 0.119822025, y: 0.016372278, z: -0.000044375658}
    m_Extent: {x: 0.62493753, y: 0.50017875, z: 0.47379336}
  m_DirtyAABB: 0
--- !u!137 &13799810
SkinnedMeshRenderer:
  m_ObjectHideFlags: 1
  m_PrefabParentObject: {fileID: 0}
  m_PrefabInternal: {fileID: 100100000}
  m_GameObject: {fileID: 132866}
  m_Enabled: 1
  m_CastShadows: 1
  m_ReceiveShadows: 1
  m_Materials:
  - {fileID: 2100000, guid: 4948f2592891f7c4496aa06b85b34377, type: 2}
  m_SubsetIndices: 
  m_StaticBatchRoot: {fileID: 0}
  m_UseLightProbes: 1
  m_ReflectionProbeUsage: 1
  m_ProbeAnchor: {fileID: 0}
  m_ScaleInLightmap: 1
  m_PreserveUVs: 0
  m_IgnoreNormalsForChartDetection: 0
  m_ImportantGI: 0
  m_MinimumChartSize: 4
  m_AutoUVMaxDistance: 0.5
  m_AutoUVMaxAngle: 89
  m_LightmapParameters: {fileID: 0}
  m_SortingLayerID: 0
  m_SortingOrder: 0
  serializedVersion: 2
  m_Quality: 0
  m_UpdateWhenOffscreen: 0
  m_Mesh: {fileID: 4300002, guid: 47e62527fef286a4a94ae889e266f387, type: 3}
  m_Bones:
  - {fileID: 449656}
  - {fileID: 478482}
  - {fileID: 496088}
  - {fileID: 491218}
  - {fileID: 466318}
  - {fileID: 494006}
  m_BlendShapeWeights: []
  m_RootBone: {fileID: 494006}
  m_AABB:
    m_Center: {x: -0.27826545, y: -0.68265235, z: 0.58214843}
    m_Extent: {x: 1.0321013, y: 0.9095626, z: 0.83398736}
  m_DirtyAABB: 0
--- !u!1001 &100100000
Prefab:
  m_ObjectHideFlags: 1
  serializedVersion: 2
  m_Modification:
    m_TransformParent: {fileID: 0}
    m_Modifications: []
    m_RemovedComponents: []
  m_ParentPrefab: {fileID: 0}
  m_RootGameObject: {fileID: 163824}
  m_IsPrefabParent: 1
